2294 3870
483 257 631 332 142
829 230 1685 307 surranum-run

212 388 458 437 Ξ
532 354 776 433 emmis
795 410 817 443 ,
852 344 1142 427 domum
1171 380 1448 455 quoque
1474 364 1545 429 &
1578 346 1912 426 familiam
1939 346 2022 427 δὲ

220 454 293 513 Δ·
312 456 374 503 U·
396 453 458 503 C·
513 454 1015 561 uppelleffilem
1037 454 1267 543 dedit,
1293 457 1430 553 qub
1457 454 1702 528 lautius
1729 454 2015 528 nomine

264 547 412 679 {793⁶
485 570 625 663 ejus
686 556 952 631 invitati
1014 557 1499 657 exciperentur.
1573 556 2014 655 Quandoque

280 656 413 776 3⁰90·
482 664 689 737 etiam
722 685 882 731 eum
914 656 1002 731 ad
1038 650 1278 731 cenam
1313 653 1658 746 vocabat,
1706 657 2014 729 inaurato

471 760 733 837 hordeo
766 756 1070 877 apposito
1094 818 1115 850 ,
1173 758 1472 856 vinoque
1505 754 1764 857 poculis
1796 756 2016 829 aureis

468 861 846 935 ministrato
886 890 906 934 z
1010 888 1082 934 er
1124 868 1266 961 ejus
1313 856 1597 930 salutem
1633 868 1702 931 &
1749 855 2018 929 famam

466 962 779 1063 jurabat3
830 888 1198 1061 confulque
1237 958 1686 1033 destinabatur
1707 1016 1728 1047 ,
1765 956 2018 1058 magna

467 1064 801 1164 Principis
832 1120 855 1153 ,
904 1072 1164 1163 maj0re
1197 1060 1627 1135 adulatorum
1657 1056 1965 1131 infamia.

556 1165 653 1239 V.
694 1166 877 1237 HAEc
915 1190 1149 1237 tamen
1177 1161 1454 1235 modica
1477 1221 1498 1252 ‚
1543 1172 1614 1237 δε
1651 1162 1725 1233 in
1764 1186 2016 1262 pauco-

466 1288 629 1337 rum
671 1263 1131 1340 deridiculum
1158 1265 1526 1350 ruinamve
1565 1265 1860 1337 inventa.
1915 1260 2014 1333 At

468 1364 766 1439 successu
814 1363 1141 1440 inescatus
1183 1422 1207 1454 ‚
1271 1367 1724 1465 omniumque
1772 1360 2012 1465 opibus

472 1467 743 1540 inhians
765 1524 789 1557 ,
818 1468 997 1541 viros
1024 1525 1046 1555 ‚
1071 1464 1362 1539 feminas
1383 1523 1405 1555 ,
1437 1492 1680 1538 omnes
1706 1463 1842 1538 fine
1871 1461 2011 1535 ullo

466 1566 865 1659 discrimine
910 1566 1153 1638 divites
1198 1566 1542 1665 corripuit.
1595 1565 2014 1665 Excogitata-
2085 1661 2091 1667 .

470 1691 610 1763 que
662 1662 827 1736 mali
867 1664 1173 1739 remedia
1215 1659 1498 1738 exitium
1547 1690 2014 1764 properavere.

464 1762 664 1837 Cum
720 1764 907 1838 enim
947 1822 969 1855 ,
1024 1764 1277 1865 injecto
1334 1789 1525 1840 metu
1552 1820 1574 1853 ,
1617 1764 1703 1837 ab
1758 1764 2015 1865 ignotis

470 1866 651 1939 inter
677 1861 1066 1956 familiares,
1088 1894 1128 1940 a
1150 1867 1536 1968 parentibus
1564 1865 1742 1940 inter
1763 1863 2016 1940 liberos

467 1967 705 2069 passim
742 1967 933 2041 heres
978 1993 1478 2069 nuncuparetur
1502 2023 1527 2058 ,
1571 1969 1830 2068 quanto
1877 1964 2016 2038 for-

473 2067 874 2164 midolofior
899 2125 921 2158 ‚
962 2071 1154 2144 tanto
1185 2071 1475 2144 atrocior
1499 2127 1521 2160 ,
1567 2068 1872 2162 derfires
1893 2095 2013 2141 vo·-
2057 2075 2064 2080 “

474 2170 731 2244 citabat
752 2229 773 2260 ‚
814 2161 931 2268 qui
964 2173 1107 2271 post
1130 2169 1469 2270 supremas
1500 2169 1756 2240 tabulas
1786 2165 2012 2243 Vivere

366 2325 371 2332 .
475 2297 595 2370 per
644 2293 836 2342 erent
859 2324 881 2355 ,
910 2267 1294 2363 ¹multisque
1328 2291 1688 2353 venenatas
1719 2274 2013 2342 madreas

474 2369 575 2438 mi
605 2392 677 2437 1t.
730 2363 1086 2437 Seniorum
1107 2369 1270 2437 vero
1291 2420 1313 2453 ‚
1355 2365 1597 2464 quibus
1619 2368 1828 2438 vitam
1859 2399 2016 2470 per..

476 2463 796 2536 mittebat
817 2521 839 2552 ,
874 2463 941 2537 se
966 2464 1188 2536 filium
1210 2489 1620 2566 nepotemve
1647 2466 1964 2546 diffitans
1981 2531 2008 2566 ,

470 2565 829 2664 statimque
876 2565 1216 2669 occupatis
1265 2566 1462 2642 bonis
1493 2625 1516 2660 ‚
1569 2569 1896 2648 heredem
1937 2573 2007 2652 se

475 2665 928 2742 renuntiabat.
1859 2761 1864 2768 Ι

463 2823 471 2834 .
576 2769 706 2860 VI.
755 2769 1107 2858 Ni-:Qmon
1138 2769 1360 2846 adhuc
1384 2827 1406 2861 ‚
1457 2769 1665 2870 quam
1702 2774 2007 2867 stultior,'

478 2869 796 2971 Princeps
826 2928 847 2959 ‚
920 2871 1172 2970 flagitia
1243 2871 1556 2974 ampliori
1637 2877 2002 2970 criminum

380 2962 393 2984 ⁸
480 2971 763 3045 materie
792 2970 1071 3044 obtexit.
1106 2974 1393 3046 Curiam
1421 2973 1607 3044 enirn
1635 2977 1802 3071 adiit
1821 3037 1842 3067 ,
1881 3009 2002 3080 pa-

482 3069 745 3168 tresque
778 3071 1125 3144 adlocutus
1147 3131 1171 3162 ‚
1210 3075 1303 3146 ait
1332 3102 1349 3142 t
1383 3104 1424 3135 oc
1450 3075 1680 3149 mirari
1711 3077 1776 3150 se
1804 3079 1886 3150 ab
1917 3079 2000 3154 iis

475 3171 723 3271 »argui
771 3171 1314 3274 sapientiffimam
1341 3175 1610 3252 Tiberii
1642 3202 2002 3274 mentem,
2043 3195 2050 3202 “
