2294 3870
381 254 533 327 254
723 231 1567 306 SUPPLEMENTUM

119 364 352 414 m
475 347 742 425 XXIV.
807 351 1058 421 hsmm
1116 352 1385 427 circiter
1432 351 1853 454 temporibus
1876 372 1925 455 ,ᾗ

119 435 184 488 Α.
208 439 268 486 U.
291 439 352 489 c.

165 529 304 589 798·

165 623 215 674 J.
249 624 297 676 C

93 715 99 724 ,
181 719 296 782 45..

377 477 502 526 nec
525 447 901 525 illaudabili
921 450 1207 525 invento
1228 508 1252 541 ,
1286 454 1359 526 ni
1384 481 1609 528 mores
1634 451 1913 528 fuissent

377 550 466 625 ad
487 549 816 624 luxuriam
843 551 1233 650 proniores,
1262 551 1481 627 scarus
1498 610 1520 643 ‚
1557 553 1751 656 piscis
1778 581 1909 629 ne·-

373 677 612 755 potum
642 649 1054 751 principibus
1081 650 1563 727 laudatissimus
1588 711 1611 744 ,
1662 681 1702 729 e
1728 655 1905 728 mari

371 757 514 826 Car
561 751 748 829 athio
762 751 836 823 in
853 749 1124 827 ltaliam
1143 750 1478 827 advectus}
1495 754 1909 854 Quinquen-

368 854 488 940 nio
509 781 651 928 fere
677 849 833 924 curii
847 850 1190 946 adhibita,
1209 854 1503 954 Optatus
1519 853 1910 954 ElipertiuS,
1990 888 1994 894 ·

363 948 708 1055 praefeestus
726 950 930 1024 claffis
944 1009 966 1040 ‚
997 953 1176 1027 inter
1196 951 1579 1027 Ostiensem
1592 963 1663 1028 &
1684 955 1900 1028 Cam-

409 1051 574 1126 'aniae
609 1078 803 1125 oram
841 1050 1090 1155 sparsos
1128 1055 1225 1127 ita
1266 1051 1719 1129 disseminavit
1743 1110 1766 1143 ,
1818 1079 1899 1129 ut

358 1081 749 1253 {requentes
804 1155 933 1226 hoc
989 1155 1063 1226 in
1122 1154 1321 1229 litore
1378 1154 1841 1228 invenirentur
1874 1183 1893 1226 ε

359 1253 582 1354 ficque
625 1251 783 1328 satis
830 1251 1116 1358 piscibus
1142 1312 1168 1345 ‚
1219 1254 1412 1328 datus
1461 1255 1634 1328 mari
1680 1280 1895 1330 novus

357 1353 585 1428 incola
612 1412 633 1444 ‚
678 1360 870 1429 aucta
909 1356 1102 1444 novis
1139 1355 1483 1458 saporibus
1526 1354 1701 1456 gula.

463 1457 700 1533 XXV.
746 1455 860 1531 Ar
888 1483 976 1530 ne
1008 1457 1185 1530 vieta
1221 1456 1565 1530 videretur
1605 1476 1893 1544 natura‚·
1939 1526 1941 1528 ,
2043 1536 2055 1555 ⁸

354 1555 584 1656 paullo
613 1559 758 1656 pbst
785 1555 1067 1654 quidam
1097 1554 1443 1628 Perusinus
1462 1612 1485 1646 ,
1524 1581 1729 1653 eques
1749 1554 1895 1628 Ro-ss

354 1681 596 1726 manus
626 1711 648 1742 ‚
695 1651 1313 1752 quaestorius-‚scriba
1341 1710 1362 1742 ,
1406 1677 1834 1755 mentagram
1863 1710 1891 1743 ‚

354 1751 542 1826 luem
569 1753 936 1852 majoribus
960 1751 1391 1855 patribusque
1417 1754 1843 1855 incognitam
1864 1810 1890 1844 ,

354 1878 436 1925 ex
475 1851 633 1927 Αίῑὲι
679 1856 780 1928 im
827 1854 1094 1927 ottavit.
1152 1854 1430 1928 Malum
1454 1911 1478 1945 ,
1535 1847 1909 1956 tamquam-⁴

353 1948 644 2029 feminas
668 1955 778 2059 ple
830 1982 1080 2055 emque
1101 1955 1517 2059 negligeret,
1548 1957 1623 2029 in
1651 1982 1893 2059 proce-

352 2053 535 2128 ribus
569 2056 660 2139 ad
696 2084 909 2130 omne
932 2055 1121 2129 luxfis
1156 2056 1513 2159 ingenium
1544 2055 1904 2159 praecipuis‘

349 2154 573 2229 veloci
615 2150 891 2232 transitu
923 2156 1134 2231 osculi
1168 2159 1264 2230 ita
1304 2156 1709 2259 graffabatur
1734 2215 1757 2247 ‚
1807 2179 1889 2230 ut

350 2281 712 2357 occuparet
752 2258 828 2331 in
869 2258 1100 2331 multis
1137 2282 1315 2329 totos
1354 2256 1577 2330 vultus
1604 2314 1625 2346 ,
1672 2256 1891 2331 oculis

349 2355 616 2430 tantum
640 2356 1062 2430 immunibus
1081 2412 1104 2444 ,
1145 2354 1581 2429 descenderet
1605 2358 1679 2427 in
1705 2356 1887 2431 colla

397 2454 709 2557 estusque
736 2466 808 2530 &
837 2482 1074 2544 manus
1095 2512 1116 2544 ,
1160 2452 1351 2529 foedo
1382 2456 1551 2529 cutis
1577 2451 1879 2531 furfure=

345 2482 635 2632 {mdiore
689 2556 908 2641 adhuc
959 2583 1205 2645 eorum
1244 2612 1268 2645 ,
1342 2556 1463 2657 qui
1522 2556 1880 2633 causticam

277 2729 293 2745 ,
345 2659 819 2775 AEgyptierum
875 2654 1293 2733 medicinam
1344 2657 1486 2759 pati
1543 2656 1891 2757 toleraveffi⁸

343 2784 496 2834 rant
523 2818 544 2850 ‚
591 2760 898 2835 elcatrice
924 2817 945 2849 ‚
996 2758 1205 2860 quim
1238 2759 1505 2833 morbo·
1574 2762 1672 2853 Et
1694 2762 1879 2833 certe

343 2858 420 2931 id
451 2886 598 2935 toto
637 2890 775 2934 aevo
810 2859 1273 2934 observatione
1307 2860 1593 2959 dignum
1615 2917 1639 2949 ,
1679 2859 1903 2961 qued¹

343 2961 676 3057 quantum
700 2958 938 3067 opibus
962 2970 1032 3034 δε
1053 2959 1311 3051 deliciis
1330 2978 1363 3051 ,·
1390 2958 1658 3036 tantum
1690 2960 1875 3037 vitiis

343 3069 418 3133 &
457 3064 713 3165 morbis
749 3062 1102 3139 crevimus.
