2294 3870
472 202 563 288 8'2
702 217 790 287 C.
840 214 1373 285 connum
1427 210 1785 286 TAcrrr

200 362 441 413 Ξ
468 336 731 407 tionem
776 331 1041 425 anteit;
1092 328 1412 411 hortante
1461 333 1708 408 Sexitia
1746 348 2016 421 uxore'3

204 434 269 483 A.
294 436 355 482 U·
378 430 437 481 0·
516 460 613 505 uae
648 432 1179 507 incitamentum
1220 435 1461 507 mortis
1489 492 1511 524 ,
1563 446 1636 511 &
1679 434 2019 539 particeps

252 518 389 581 ⁷⁸⁷·
544 534 642 607 iti
1955 603 1960 608 ·

248 605 397 763 ἒξ·
570 632 808 711 ΧΧΧ.
854 628 966 703 Ac
1002 654 1258 703 TAMEN
1305 630 1717 714 accusatores
1748 689 1770 722 ,
1818 631 1868 705 fi
1904 628 2018 715 fa-

464 734 676 809 cultas
708 731 1043 805 incideret
1062 788 1085 820 ,
1128 731 1344 833 poenis
1371 732 1863 824 adficiebantur
1889 762 1908 805 t
1938 758 2020 807 ut

466 832 782 909 Servilius
834 830 1335 933 Corneliusque
1364 890 1386 923 ,
1439 832 1708 935 perdito
1762 836 2020 907 Scauro

464 934 712 1011 famosi
738 992 785 1025 ,.
810 934 971 1035 quia
1007 934 1370 1036 pecuniam
1406 962 1446 1006 a
1469 932 1684 1010 Vario
1711 934 1969 1035 Ligure
1989 990 2020 1024 ‚

460 1035 869 1110 omittendae
894 1032 1255 1108 delationis
1277 1091 1302 1124 ,
1341 1059 1660 1136 ceperant
1679 1092 1701 1125 ,
1740 1034 1814 1107 in
1840 1032 2023 1109 insu-

464 1137 563 1211 las
588 1194 613 1227 ,
655 1135 1021 1211 interdisto
1055 1136 1204 1236 igni
1236 1159 1304 1208 at
1355 1162 1440 1209 ue
1476 1134 1650 1236 aqua
1677 1195 1699 1225 ,
1747 1134 2028 1209 demoti.

462 1237 673 1315 sunt:
721 1246 793 1313 δε
840 1234 1154 1311 Abudius
1199 1163 1385 1311 Ραιῗό
1411 1295 1434 1326 ,
1485 1234 1755 1311 funditus
1802 1234 2020 1309 aedili-

372 1381 377 1384 ·
466 1364 611 1414 tate
648 1396 671 1429 ,
713 1337 884 1412 dum
922 1334 1227 1413 Lentulo
1268 1336 1608 1415 Gaetulico
1633 1396 1656 1428 ‚
1705 1335 1824 1410 sub
1927 1364 2025 1409 uo

467 1440 735 1543 legioni
790 1434 1141 1541 praefuerat
1187 1495 1210 1527 ‚
1276 1438 1656 1539 periculum
1708 1365 1962 1511 facessit
1992 1492 2024 1525 ‚

481 1540 730 1640 ecquod
782 1542 839 1614 is
893 1539 1115 1635 Sejani
1165 1535 1387 1609 filium
1437 1564 1770 1637 generum
1816 1536 2022 1611 desti-

470 1639 828 1730 mnass'etn,
880 1635 1061 1710 ultro
1112 1636 1474 1709 damnatur
1494 1693 1519 1726 ,
1571 1662 1775 1735 atque
1825 1636 2030 1711 Urbe

474 1741 787 1843 exigitur.
850 1734 1216 1809 Gaetulicus
1257 1733 1338 1811 ea
1385 1739 1781 1839 tempestate
1823 1736 2028 1838 supe-

467 1843 671 1916 rioris
724 1836 1109 1911 Germaniae
1155 1835 1218 1911 le
1267 1837 1460 1911 iones
1506 1836 1781 1910 curabat
1811 1894 1833 1926 ‚
1885 1838 2025 1909 mi·-

474 1967 769 2044 1umque
816 1965 1127 2014 amorem
1289 1962 1522 2014 ecutus
1567 1963 1710 2016 erat
1732 1998 1754 2030 ,
1807 1934 2034 2012 effusae

480 2041 864 2118 clementiae
889 2099 912 2131 ,
958 2040 1272 2116 modicus
1319 2037 1672 2117 severitate
1699 2097 1722 2130 ‚
1767 2049 1838 2114 &
1868 2065 2030 2140 pro-

472 2145 669 2222 ximo
766 2171 992 2244 uoque
1036 2141 1406 2230 exercitui,
1465 2153 1594 2242 per
1649 2143 1730 2215 L.
1792 2138 1858 2213 A
1910 2166 2036 2213 ro-

482 2250 683 2322 nium
711 2173 1017 2318 poectum
1038 2296 1060 2329 ,
1090 2270 1232 2316 non
1258 2241 1581 2338 ingratus.
1605 2240 1816 2314 Unde
1843 2168 2032 2313 ἕως

480 2348 785 2418 constans
823 2397 846 2429 ,
912 2337 1144 2413 ausum
1210 2337 1486 2414 mittere
1549 2336 1638 2410 ad
1688 2337 2034 2414 Caesarem

478 2445 707 2517 literas
740 2497 763 2529 ,
822 2470 865 2502 σε
890 2436 1347 2512 Adfinitatem
1397 2435 1522 2510 fibi
1569 2466 1730 2512 cum
1784 2439 2032 2538 Seiano

394 2547 402 2552 ’
477 2540 718 2618 »haud
752 2537 991 2643 sponte
1018 2596 1041 2630 ,
1088 2535 1522 2638 sedconfilio
1543 2539 1814 2616 Tiberii
1844 2568 1946 2614 coe

449 2669 721 2720 aotam:
818 2639 1057 2720 erinde
1082 2638 1152 2718 se
1175 2700 1198 2734 ,
1249 2640 1457 2744 quam
1485 2617 1852 2718 Tiberium
1881 2570 2032 2717 falli

480 2747 729 2852 »potui
786 2774 871 2822 e:
918 2771 1144 2847 neque
1195 2771 1499 2822 errorem
1551 2744 1878 2820 eumdem
1923 2743 2032 2818 illi

438 2843 446 2851 ⁸
482 2849 677 2926 »fine
704 2847 942 2926 fraude
965 2906 988 2938 ‚
1030 2847 1178 2922 aliis
1202 2847 1410 2922 exitio
1437 2843 1856 2921 habendum.
1885 2845 2030 2918 Sibi

484 2949 757 3027 »fidem
808 2949 1147 3052 integram
1176 3003 1199 3034 ‚
1251 2955 1323 3019 δε
1350 3001 1373 3034 ,
1418 2942 1468 3016 fi
1513 2944 1718 3020 nullis
1771 2944 2034 3018 insidiis

487 3087 532 3122 ao
542 3077 883 3154 peteretur
903 3109 924 3141 ,
954 3045 1380 3124 mansuram:
1413 3043 1849 3122 successorem
1881 3069 2032 3118 non

490 3151 739 3232 valitet
764 3207 791 3246 ,
826 3149 1038 3254 quein!
1075 3144 1413 3230 ind-icium
1453 3147 1694 3230 mortis
1719 3202 1744 3239 ,
1782 3171 2028 3248 accep-

1293 3472 1311 3500 l
