2294 3870
475 200 582 263 ιι
807 175 1667 258 Summanu-run

219 311 458 402 ξιξ
480 299 923 379 imminerent
952 357 976 390 ,
1025 302 1305 378 doceret
1329 357 1353 394 ,
1396 303 1473 378 in
1516 302 1797 382 antliam
1841 329 2019 386 cona·

221 401 288 456 Α·
307 403 369 452 ⁰·
393 401 456 454 C·
479 403 848 479 demnavit.
927 402 1325 479 Violentior
1392 432 1669 506 quoque
1736 409 1959 509 Sejani
1982 459 2013 500 ‚-

273 489 410 550 ⁷⁸²⁰
479 503 773 580 dioteriis
815 497 1119 604 fidtisque
1164 501 1513 581 sententii&
1560 505 1757 579 inlufi
1784 567 1807 598 ‚
1857 511 2009 607 ira;

271 577 410 726 ἓξ·
474 603 763 709 praemiis
798 603 1072 677 inritata
1104 607 1583 708 vestigatorum
1628 617 1702 682 δε
1743 609 2011 683 accusa-

367 693 391 720 ’
473 731 702 780 torum
740 703 1023 778 aviditas
1043 763 1070 795 ,
1121 707 1466 808 praelatos
1500 707 1805 809 quosque
1834 711 2009 786 &in

469 805 742 880 civitate
791 805 1167 906 praestantes
1228 806 1551 910 corripuit
1591 865 1615 898 ,
1682 808 1865 883 civili
1918 837 2007 886 ue

465 903 654 980 bello
699 903 964 1006 gravius
1006 903 1327 985 confecit.
1374 907 1849 1010 Exeipiebatur
1868 836 2011 989 (lae-2

463 1005 762 1082 tantium
785 1003 950 1080 risus
969 1063 996 1096 ,
1027 1010 1469 1108 querentium
1494 1008 1695 1083 dolor
1712 1067 1739 1100 ‚
1782 1019 2008 1083 ‘ocan-

385 1173 393 1188 ,
461 1107 644 1180 tium
679 1103 1066 1208 fimplicitas
1088 1165 1116 1198 ,
1162 1105 1303 1211 ipse
1352 1108 1705 1184 ebriorum
1788 1111 2007 1193 ormo.

461 1203 658 1282 Nihil
685 1231 829 1282 erat
856 1232 1084 1282 tutum
1111 1239 1132 1283 ε
1178 1210 1408 1284 omnis
1433 1207 1755 1285 saeviendi
1784 1209 2005 1313 place-

461 1305 582 1382 bat
632 1306 937 1382 occasio:
995 1307 1301 1411 unusque
1353 1337 1633 1408 reorum
1684 1311 2007 1386 omnium

460 1432 746 1484 eventus
778 1467 805 1500 ,
854 1434 971 1486 aut
1021 1438 1209 1486 mors
1260 1438 1549 1514 propera
1572 1467 1596 1502 ,
1641 1437 1756 1487 aut
1808 1436 2005 1515 turpe

456 1506 886 1612 supplicium.

564 1611 766 1686 Vul.
810 1611 992 1682 CUM
1029 1607 1350 1680 Romana
1382 1607 1616 1680 civitas
1644 1606 1721 1680 in
1749 1605 1847 1680 sui
1886 1607 2001 1682 in·

455 1708 929 1784 ternecionem
975 1706 1073 1779 ita
1121 1703 1379 1781 fureret
1402 1761 1426 1796 ,
1471 1704 1683 1780 scelus
1729 1735 1943 1780 unum
1972 1765 1999 1799 ,

455 1805 578 1882 sed
620 1809 694 1880 in
745 1807 935 1910 plura
976 1802 1227 1881 scelera
1268 1816 1339 1881 &
1384 1804 1774 1909 portentosa
1819 1807 2001 1882 mala

455 1932 854 2011 erupturum
875 1968 898 2000 ,
926 1925 1270 2013 patravere
1296 1906 1787 2006 Hierosolyma.
1824 1911 2001 1983 Pon-

458 2009 592 2083 tius
625 2010 874 2085 Pilatus
899 2068 922 2099 ,
970 2037 1183 2110 quem
1214 2007 1434 2082 Caesar
1474 2010 1517 2089 J
1520 2009 1717 2083 udaeae
1753 2036 2001 2111 procu·-

457 2132 758 2185 ratorem
811 2108 1066 2185 fecerat
1093 2166 1115 2197 ,
1167 2136 1310 2181 non
1358 2135 1590 2185 vecors
1625 2166 1648 2197 ‚
1695 2109 2041 2204 imbellis„

459 2234 696 2285 tamen
715 2270 735 2299 ‚
762 2211 803 2288 J
807 2211 993 2284 esum
1018 2210 1363 2280 Christum
1385 2263 1407 2294 ,
1436 2236 1625 2279 novae
1646 2208 1995 2309 religionis

457 2316 804 2385 auctorem
827 2365 850 2395 ,
900 2337 940 2380 a
982 2308 1026 2383 J
1029 2305 1228 2377 udaeis
1276 2305 1683 2405 pervicacius
1726 2308 1993 2381 accusa-

457 2432 610 2482 tum
625 2464 648 2494 ,
674 2404 921 2479 nullius
946 2404 1249 2477 criminis
1268 2429 1697 2505 compertum
1719 2463 1743 2495 ,
1764 2434 1993 2483 morte

455 2504 730 2583 adfecit.
781 2503 1047 2580 Diffiffa
1069 2501 1219 2577 saxa
1241 2561 1266 2594 ‚
1302 2503 1610 2578 concussa
1638 2531 1815 2580 terra.
1838 2564 1861 2595 ,
1889 2507 1991 2598 sol

455 2604 662 2683 cassus
680 2606 942 2681 lumine
959 2662 983 2695 ,
1010 2614 1152 2705 ejus
1174 2604 1433 2680 caedem
1454 2604 1683 2679 ulcisci
1706 2618 1779 2682 δε
1800 2608 1995 2682 inno-

453 2709 755 2785 centiam
782 2708 1002 2783 testari
1024 2705 1198 2783 visa:
1233 2704 1371 2808 ipse
1397 2763 1421 2796 ,
1462 2705 1739 2781 effracto
1765 2706 1991 2810 sepul-

455 2836 576 2883 cro
595 2868 617 2899 ,
653 2808 1061 2883 adstantibus
1089 2807 1471 2881 custodibus
1488 2864 1510 2895 ,
1543 2808 1877 2883 redivivus
1910 2820 1987 2884 ὃς

453 2910 720 3009 integer
749 2908 1082 3009 egressae,
1127 2933 1459 3006 magnum
1504 2904 1637 2979 fuit
1679 2909 1984 2987 numinis

451 3030 976 3109 argumentum;
1004 3004 1503 3105 Tiberiumque
1532 3008 1849 3081 omnibus
1868 3009 1943 3080 in
1959 3050 1984 3067 -

443 3124 722 3193 'tentum
751 3106 1041 3215 aodvettit
1057 3165 1087 3203 ,
1133 3103 1543 3209 religionem
1566 3118 1710 3190 non
1738 3107 1981 3189 infixit.
