<?xml version="1.0" encoding="UTF-8"?>
<!DOCTYPE html PUBLIC "-//W3C//DTD XHTML 1.0 Transitional//EN"
    "http://www.w3.org/TR/xhtml1/DTD/xhtml1-transitional.dtd">
<html xmlns="http://www.w3.org/1999/xhtml" xml:lang="en" lang="en">
 <head>
  <title>
</title>
<meta http-equiv="Content-Type" content="text/html;charset=utf-8" />
  <meta name='ocr-system' content='tesseract 3.04.00' />
  <meta name='ocr-capabilities' content='ocr_page ocr_carea ocr_par ocr_line ocrx_word'/>
</head>
<body>
  <div class='ocr_page' id='page_1' title='image "./operasupplement06tacigoog/operasupplement06tacigoog_0177.png"; bbox 0 0 2294 3870; ppageno 0'>
   <div class='ocr_carea' id='block_1_1' title="bbox 457 217 1803 322">
    <p class='ocr_par' dir='ltr' id='par_1_1' title="bbox 457 217 1803 322">
     <span class='ocr_line' id='line_1_1' title="bbox 457 217 1803 322; baseline 0.002 -26"><span class='ocrx_word' id='word_1_1' title='bbox 457 217 911 297; x_wconf 51' lang='lat' dir='ltr'><strong>Lavm.</strong></span> <span class='ocrx_word' id='word_1_2' title='bbox 961 240 1560 298; x_wconf 73' lang='lat' dir='ltr'>ANNALIUM.</span> <span class='ocrx_word' id='word_1_3' title='bbox 1664 221 1803 322; x_wconf 80' lang='lat'>1&#39;67</span> 
     </span>
    </p>
   </div>
   <div class='ocr_carea' id='block_1_2' title="bbox 245 321 2059 3248">
    <p class='ocr_par' dir='ltr' id='par_1_2' title="bbox 262 321 2059 650">
     <span class='ocr_line' id='line_1_2' title="bbox 264 321 2057 460; baseline 0.003 -45"><span class='ocrx_word' id='word_1_4' title='bbox 264 321 578 460; x_wconf 75' lang='lat' dir='ltr'>patientis</span> <span class='ocrx_word' id='word_1_5' title='bbox 640 369 716 413; x_wconf 81' lang='lat' dir='ltr'>ac</span> <span class='ocrx_word' id='word_1_6' title='bbox 779 340 1057 442; x_wconf 87' lang='lat' dir='ltr'>perituri</span> <span class='ocrx_word' id='word_1_7' title='bbox 1133 341 1431 416; x_wconf 89' lang='lat' dir='ltr'>hominis</span> <span class='ocrx_word' id='word_1_8' title='bbox 1509 342 1745 420; x_wconf 82' lang='lat' dir='ltr'>solatia</span> <span class='ocrx_word' id='word_1_9' title='bbox 1771 405 1795 438; x_wconf 89' lang='lat'>,</span> <span class='ocrx_word' id='word_1_10' title='bbox 1820 381 2057 432; x_wconf 60' lang='grc' dir='ltr'>ΞΕ</span> 
     </span>
     <span class='ocr_line' id='line_1_3' title="bbox 262 438 2059 538; baseline 0.004 -24"><span class='ocrx_word' id='word_1_11' title='bbox 262 438 632 535; x_wconf 80' lang='lat' dir='ltr'>invidens3</span> <span class='ocrx_word' id='word_1_12' title='bbox 683 438 856 514; x_wconf 71' lang='lat' dir='ltr'>forte</span> <span class='ocrx_word' id='word_1_13' title='bbox 906 443 1113 515; x_wconf 84' lang='lat' dir='ltr'>etiam</span> <span class='ocrx_word' id='word_1_14' title='bbox 1154 439 1504 518; x_wconf 80' lang='lat' dir='ltr'>liberiores</span> <span class='ocrx_word' id='word_1_15' title='bbox 1548 473 1747 522; x_wconf 89' lang='lat' dir='ltr'>voces</span> <span class='ocrx_word' id='word_1_16' title='bbox 1770 505 1794 538; x_wconf 89' lang='lat'>,</span> <span class='ocrx_word' id='word_1_17' title='bbox 1820 443 1883 494; x_wconf 80' lang='lat' dir='ltr'>A.</span> <span class='ocrx_word' id='word_1_18' title='bbox 1907 449 1972 497; x_wconf 68' lang='grc' dir='ltr'>υ·</span> <span class='ocrx_word' id='word_1_19' title='bbox 1992 448 2059 500; x_wconf 79' lang='lat' dir='ltr'>C·</span> 
     </span>
     <span class='ocr_line' id='line_1_4' title="bbox 266 537 2009 650; baseline 0.005 -36"><span class='ocrx_word' id='word_1_20' title='bbox 266 569 432 641; x_wconf 84' lang='lat' dir='ltr'>quas</span> <span class='ocrx_word' id='word_1_21' title='bbox 477 565 812 614; x_wconf 84' lang='lat' dir='ltr'>extremus</span> <span class='ocrx_word' id='word_1_22' title='bbox 847 540 1088 630; x_wconf 81' lang='lat' dir='ltr'>dolor,</span> <span class='ocrx_word' id='word_1_23' title='bbox 1132 569 1260 616; x_wconf 90' lang='lat' dir='ltr'>nec</span> <span class='ocrx_word' id='word_1_24' title='bbox 1295 543 1385 616; x_wconf 88' lang='lat' dir='ltr'>ad</span> <span class='ocrx_word' id='word_1_25' title='bbox 1423 572 1602 620; x_wconf 84' lang='lat' dir='ltr'>nova</span> <span class='ocrx_word' id='word_1_26' title='bbox 1640 546 1797 650; x_wconf 89' lang='lat' dir='ltr'>sup-</span> <span class='ocrx_word' id='word_1_27' title='bbox 1871 537 2009 598; x_wconf 80' lang='lat'><strong>⁷⁹3·</strong></span> 
     </span>
    </p>

    <p class='ocr_par' dir='ltr' id='par_1_3' title="bbox 253 619 2017 862">
     <span class='ocr_line' id='line_1_5' title="bbox 253 619 2017 757; baseline 0.009 -47"><span class='ocrx_word' id='word_1_28' title='bbox 253 641 466 757; x_wconf 77' lang='lat' dir='ltr'>‘plicia</span> <span class='ocrx_word' id='word_1_29' title='bbox 498 642 572 713; x_wconf 89' lang='lat' dir='ltr'>su</span> <span class='ocrx_word' id='word_1_30' title='bbox 621 643 810 715; x_wconf 87' lang='lat' dir='ltr'>erstes</span> <span class='ocrx_word' id='word_1_31' title='bbox 837 699 860 732; x_wconf 89' lang='lat'><strong>,</strong></span> <span class='ocrx_word' id='word_1_32' title='bbox 904 641 1211 718; x_wconf 88' lang='lat' dir='ltr'>mitteret</span> <span class='ocrx_word' id='word_1_33' title='bbox 1236 699 1259 734; x_wconf 88' lang='lat'><strong>,</strong></span> <span class='ocrx_word' id='word_1_34' title='bbox 1306 646 1627 720; x_wconf 86' lang='lat' dir='ltr'><strong>reveritus</strong></span> <span class='ocrx_word' id='word_1_35' title='bbox 1649 705 1674 736; x_wconf 89' lang='lat'>‚</span> <span class='ocrx_word' id='word_1_36' title='bbox 1720 676 1796 724; x_wconf 91' lang='lat' dir='ltr'>os</span> <span class='ocrx_word' id='word_1_37' title='bbox 1868 619 1917 672; x_wconf 42' lang='grc' dir='ltr'>δ’</span> <span class='ocrx_word' id='word_1_38' title='bbox 1951 621 2017 672; x_wconf 72' lang='lat' dir='ltr'>C·</span> 
     </span>
     <span class='ocr_line' id='line_1_6' title="bbox 265 669 1797 862; baseline 0.005 -47"><span class='ocrx_word' id='word_1_39' title='bbox 265 738 507 815; x_wconf 58' lang='lat' dir='ltr'>inserta</span> <span class='ocrx_word' id='word_1_40' title='bbox 543 669 832 845; x_wconf 55' lang='lat' dir='ltr'>AEongiz‘i</span> <span class='ocrx_word' id='word_1_41' title='bbox 857 741 1124 815; x_wconf 86' lang='lat' dir='ltr'>includi</span> <span class='ocrx_word' id='word_1_42' title='bbox 1151 797 1176 831; x_wconf 86' lang='lat'>‚</span> <span class='ocrx_word' id='word_1_43' title='bbox 1224 751 1295 816; x_wconf 89' lang='lat'>&amp;</span> <span class='ocrx_word' id='word_1_44' title='bbox 1322 744 1480 818; x_wconf 67' lang='lat' dir='ltr'>curn</span> <span class='ocrx_word' id='word_1_45' title='bbox 1504 744 1797 862; x_wconf 71' lang='lat' dir='ltr'>spongiae</span> 
     </span>
    </p>

    <p class='ocr_par' dir='ltr' id='par_1_4' title="bbox 265 839 1801 1028">
     <span class='ocr_line' id='line_1_7' title="bbox 265 839 1801 930; baseline 0.003 -15"><span class='ocrx_word' id='word_1_46' title='bbox 265 868 404 915; x_wconf 91' lang='lat' dir='ltr'>non</span> <span class='ocrx_word' id='word_1_47' title='bbox 421 839 890 916; x_wconf 83' lang='lat' dir='ltr'>invenirentur</span> <span class='ocrx_word' id='word_1_48' title='bbox 909 897 930 930; x_wconf 88' lang='lat'>‚</span> <span class='ocrx_word' id='word_1_49' title='bbox 950 839 1168 916; x_wconf 87' lang='lat' dir='ltr'>scindi</span> <span class='ocrx_word' id='word_1_50' title='bbox 1190 845 1584 920; x_wconf 85' lang='lat' dir='ltr'>vestimenta</span> <span class='ocrx_word' id='word_1_51' title='bbox 1602 846 1801 925; x_wconf 84' lang='lat' dir='ltr'>nuse-</span> 
     </span>
     <span class='ocr_line' id='line_1_8' title="bbox 269 940 1797 1028; baseline 0.006 -13"><span class='ocrx_word' id='word_1_52' title='bbox 269 967 494 1017; x_wconf 88' lang='lat' dir='ltr'>rorum</span> <span class='ocrx_word' id='word_1_53' title='bbox 511 996 534 1028; x_wconf 87' lang='lat'><strong>,</strong></span> <span class='ocrx_word' id='word_1_54' title='bbox 579 951 652 1016; x_wconf 87' lang='lat'>&amp;</span> <span class='ocrx_word' id='word_1_55' title='bbox 677 941 754 1013; x_wconf 89' lang='lat' dir='ltr'>in</span> <span class='ocrx_word' id='word_1_56' title='bbox 778 970 853 1015; x_wconf 91' lang='lat' dir='ltr'>os</span> <span class='ocrx_word' id='word_1_57' title='bbox 875 940 1100 1014; x_wconf 84' lang='lat' dir='ltr'>farciri</span> <span class='ocrx_word' id='word_1_58' title='bbox 1172 970 1382 1018; x_wconf 87' lang='lat' dir='ltr'>annos</span> <span class='ocrx_word' id='word_1_59' title='bbox 1404 944 1503 1018; x_wconf 89' lang='lat' dir='ltr'>im</span> <span class='ocrx_word' id='word_1_60' title='bbox 1552 949 1797 1024; x_wconf 83' lang='lat' dir='ltr'>eravit:</span> 
     </span>
    </p>

    <p class='ocr_par' dir='ltr' id='par_1_5' title="bbox 245 1038 1799 1248">
     <span class='ocr_line' id='line_1_9' title="bbox 245 1038 1799 1138; baseline 0.004 -22"><span class='ocrx_word' id='word_1_61' title='bbox 245 1038 534 1138; x_wconf 73' lang='lat' dir='ltr'>&#39;occluso</span> <span class='ocrx_word' id='word_1_62' title='bbox 567 1042 837 1117; x_wconf 85' lang='lat' dir='ltr'>exiturae</span> <span class='ocrx_word' id='word_1_63' title='bbox 867 1044 1107 1115; x_wconf 86' lang='lat' dir='ltr'>animae</span> <span class='ocrx_word' id='word_1_64' title='bbox 1163 1071 1330 1135; x_wconf 86' lang='lat' dir='ltr'>oc0‚</span> <span class='ocrx_word' id='word_1_65' title='bbox 1368 1047 1442 1121; x_wconf 88' lang='lat' dir='ltr'>in</span> <span class='ocrx_word' id='word_1_66' title='bbox 1546 1049 1799 1128; x_wconf 85' lang='lat' dir='ltr'>timum</span> 
     </span>
     <span class='ocr_line' id='line_1_10' title="bbox 263 1139 1159 1248; baseline 0.002 -32"><span class='ocrx_word' id='word_1_67' title='bbox 263 1139 571 1248; x_wconf 86' lang='lat' dir='ltr'>spiritum</span> <span class='ocrx_word' id='word_1_68' title='bbox 602 1142 824 1218; x_wconf 84' lang='lat' dir='ltr'>saevire</span> <span class='ocrx_word' id='word_1_69' title='bbox 855 1145 1159 1246; x_wconf 89' lang='lat' dir='ltr'>gestiens.</span> 
     </span>
    </p>

    <p class='ocr_par' dir='ltr' id='par_1_6' title="bbox 262 1243 1833 2136">
     <span class='ocr_line' id='line_1_11' title="bbox 371 1243 1799 1347; baseline 0.006 -30"><span class='ocrx_word' id='word_1_70' title='bbox 371 1243 602 1318; x_wconf 87' lang='lat' dir='ltr'>XLV.</span> <span class='ocrx_word' id='word_1_71' title='bbox 647 1244 800 1321; x_wconf 66' lang='lat' dir='ltr'>Nnc</span> <span class='ocrx_word' id='word_1_72' title='bbox 837 1243 1102 1347; x_wconf 83' lang='lat' dir='ltr'>expleta</span> <span class='ocrx_word' id='word_1_73' title='bbox 1145 1244 1404 1322; x_wconf 88' lang='lat' dir='ltr'>diurnis</span> <span class='ocrx_word' id='word_1_74' title='bbox 1438 1247 1799 1327; x_wconf 87' lang='lat' dir='ltr'>tormentis</span> 
     </span>
     <span class='ocr_line' id='line_1_12' title="bbox 265 1343 1805 1445; baseline 0.005 -27"><span class='ocrx_word' id='word_1_75' title='bbox 265 1367 545 1418; x_wconf 78' lang='lat' dir='ltr'>cruenta</span> <span class='ocrx_word' id='word_1_76' title='bbox 569 1343 900 1445; x_wconf 83' lang='lat' dir='ltr'>cupiditas</span> <span class='ocrx_word' id='word_1_77' title='bbox 931 1375 948 1416; x_wconf 75' lang='grc' dir='ltr'><strong><em>ε</em></strong></span> <span class='ocrx_word' id='word_1_78' title='bbox 993 1349 1202 1420; x_wconf 63' lang='lat' dir='ltr'>nocte</span> <span class='ocrx_word' id='word_1_79' title='bbox 1234 1350 1624 1423; x_wconf 84' lang='lat' dir='ltr'>continuata</span> <span class='ocrx_word' id='word_1_80' title='bbox 1648 1406 1669 1439; x_wconf 89' lang='lat'>‚</span> <span class='ocrx_word' id='word_1_81' title='bbox 1714 1378 1805 1426; x_wconf 87' lang='lat' dir='ltr'>ne</span> 
     </span>
     <span class='ocr_line' id='line_1_13' title="bbox 267 1440 1833 1550; baseline 0.005 -32"><span class='ocrx_word' id='word_1_82' title='bbox 267 1471 403 1544; x_wconf 83' lang='lat' dir='ltr'>qua</span> <span class='ocrx_word' id='word_1_83' title='bbox 431 1440 593 1518; x_wconf 76' lang='lat' dir='ltr'>effer</span> <span class='ocrx_word' id='word_1_84' title='bbox 620 1442 984 1547; x_wconf 83' lang='lat' dir='ltr'>voluptatis</span> <span class='ocrx_word' id='word_1_85' title='bbox 1013 1446 1432 1524; x_wconf 78' lang='lat' dir='ltr'>intermistio,</span> <span class='ocrx_word' id='word_1_86' title='bbox 1486 1450 1700 1550; x_wconf 85' lang='lat' dir='ltr'>Igitur</span> <span class='ocrx_word' id='word_1_87' title='bbox 1728 1450 1833 1526; x_wconf 87' lang='lat' dir='ltr'>in-</span> 
     </span>
     <span class='ocr_line' id='line_1_14' title="bbox 268 1545 1803 1652; baseline 0.003 -34"><span class='ocrx_word' id='word_1_88' title='bbox 268 1546 449 1642; x_wconf 85' lang='lat' dir='ltr'>xysto</span> <span class='ocrx_word' id='word_1_89' title='bbox 478 1568 942 1620; x_wconf 83' lang='lat' dir='ltr'>maternorum</span> <span class='ocrx_word' id='word_1_90' title='bbox 983 1545 1339 1621; x_wconf 90' lang='lat' dir='ltr'>hortorum</span> <span class='ocrx_word' id='word_1_91' title='bbox 1364 1606 1388 1639; x_wconf 89' lang='lat'>,</span> <span class='ocrx_word' id='word_1_92' title='bbox 1438 1551 1558 1648; x_wconf 92' lang='lat' dir='ltr'>qui</span> <span class='ocrx_word' id='word_1_93' title='bbox 1586 1549 1803 1652; x_wconf 87' lang='lat' dir='ltr'>porti-</span> 
     </span>
     <span class='ocr_line' id='line_1_15' title="bbox 267 1644 1801 1751; baseline 0.005 -34"><span class='ocrx_word' id='word_1_94' title='bbox 267 1673 431 1720; x_wconf 87' lang='lat' dir='ltr'>cum</span> <span class='ocrx_word' id='word_1_95' title='bbox 452 1674 491 1717; x_wconf 84' lang='lat' dir='ltr'>a</span> <span class='ocrx_word' id='word_1_96' title='bbox 507 1644 648 1748; x_wconf 60' lang='lat' dir='ltr'>ripa</span> <span class='ocrx_word' id='word_1_97' title='bbox 665 1645 919 1749; x_wconf 85' lang='lat' dir='ltr'>separat</span> <span class='ocrx_word' id='word_1_98' title='bbox 934 1705 956 1737; x_wconf 93' lang='lat'>‚</span> <span class='ocrx_word' id='word_1_99' title='bbox 973 1647 1401 1724; x_wconf 85' lang='lat' dir='ltr'>inambulans</span> <span class='ocrx_word' id='word_1_100' title='bbox 1418 1707 1441 1739; x_wconf 86' lang='lat'><strong>,</strong></span> <span class='ocrx_word' id='word_1_101' title='bbox 1467 1649 1801 1751; x_wconf 84' lang='lat' dir='ltr'>quosdam</span> 
     </span>
     <span class='ocr_line' id='line_1_16' title="bbox 267 1743 1804 1850; baseline 0.003 -29"><span class='ocrx_word' id='word_1_102' title='bbox 267 1772 346 1821; x_wconf 83' lang='lat' dir='ltr'>ex</span> <span class='ocrx_word' id='word_1_103' title='bbox 392 1743 528 1818; x_wconf 86' lang='lat' dir='ltr'>illis</span> <span class='ocrx_word' id='word_1_104' title='bbox 581 1773 740 1819; x_wconf 87' lang='lat' dir='ltr'>curn</span> <span class='ocrx_word' id='word_1_105' title='bbox 791 1749 1118 1822; x_wconf 81' lang='lat' dir='ltr'>matronis</span> <span class='ocrx_word' id='word_1_106' title='bbox 1164 1775 1366 1850; x_wconf 83' lang='lat' dir='ltr'>atque</span> <span class='ocrx_word' id='word_1_107' title='bbox 1418 1749 1564 1825; x_wconf 83' lang='lat' dir='ltr'>aliis</span> <span class='ocrx_word' id='word_1_108' title='bbox 1610 1750 1804 1826; x_wconf 86' lang='lat' dir='ltr'>sena-</span> 
     </span>
     <span class='ocr_line' id='line_1_17' title="bbox 267 1844 1803 1930; baseline 0.005 -11"><span class='ocrx_word' id='word_1_109' title='bbox 267 1844 526 1919; x_wconf 90' lang='lat' dir='ltr'>toribus</span> <span class='ocrx_word' id='word_1_110' title='bbox 557 1846 647 1920; x_wconf 86' lang='lat' dir='ltr'>ad</span> <span class='ocrx_word' id='word_1_111' title='bbox 677 1845 1024 1923; x_wconf 81' lang='lat' dir='ltr'>lucernam</span> <span class='ocrx_word' id='word_1_112' title='bbox 1063 1849 1445 1924; x_wconf 82' lang='lat' dir='ltr'>decollavit.</span> <span class='ocrx_word' id='word_1_113' title='bbox 1496 1851 1803 1930; x_wconf 83' lang='lat' dir='ltr'>Feralem</span> 
     </span>
     <span class='ocr_line' id='line_1_18' title="bbox 262 1944 1815 2045; baseline 0.005 -26"><span class='ocrx_word' id='word_1_114' title='bbox 262 1944 544 2021; x_wconf 65' lang='lat' dir='ltr'>scenam</span> <span class='ocrx_word' id='word_1_115' title='bbox 591 1949 853 2045; x_wconf 81' lang='lat' dir='ltr'>excepit</span> <span class='ocrx_word' id='word_1_116' title='bbox 899 1975 1089 2021; x_wconf 82' lang='lat' dir='ltr'>atrox</span> <span class='ocrx_word' id='word_1_117' title='bbox 1138 1950 1514 2024; x_wconf 85' lang='lat' dir='ltr'>confilium.</span> <span class='ocrx_word' id='word_1_118' title='bbox 1577 1955 1815 2029; x_wconf 80' lang='lat' dir='ltr'>Patres·</span> 
     </span>
     <span class='ocr_line' id='line_1_19' title="bbox 263 2042 1809 2136; baseline 0.001 -15"><span class='ocrx_word' id='word_1_119' title='bbox 263 2047 468 2123; x_wconf 85' lang='lat' dir='ltr'>enim</span> <span class='ocrx_word' id='word_1_120' title='bbox 514 2042 891 2117; x_wconf 88' lang='lat' dir='ltr'>occisorum</span> <span class='ocrx_word' id='word_1_121' title='bbox 935 2046 1181 2119; x_wconf 56' lang='lat' dir='ltr'>eadem</span> <span class='ocrx_word' id='word_1_122' title='bbox 1225 2053 1423 2121; x_wconf 60' lang='lat' dir='ltr'>notite</span> <span class='ocrx_word' id='word_1_123' title='bbox 1456 2104 1479 2136; x_wconf 88' lang='lat'>‚</span> <span class='ocrx_word' id='word_1_124' title='bbox 1532 2048 1809 2123; x_wconf 79' lang='lat' dir='ltr'>dimiffis</span> 
     </span>
    </p>

    <p class='ocr_par' dir='ltr' id='par_1_7' title="bbox 259 2136 1825 3248">
     <span class='ocr_line' id='line_1_20' title="bbox 315 2136 1813 2237; baseline 0.003 -18"><span class='ocrx_word' id='word_1_125' title='bbox 315 2174 391 2219; x_wconf 83' lang='lat' dir='ltr'>cr</span> <span class='ocrx_word' id='word_1_126' title='bbox 430 2144 679 2218; x_wconf 86' lang='lat' dir='ltr'>domos</span> <span class='ocrx_word' id='word_1_127' title='bbox 713 2144 1221 2218; x_wconf 85' lang='lat' dir='ltr'>centurionibus</span> <span class='ocrx_word' id='word_1_128' title='bbox 1245 2136 1612 2235; x_wconf 47' lang='lat' dir='ltr'>[confecit</span> <span class='ocrx_word' id='word_1_129' title='bbox 1648 2202 1671 2237; x_wconf 90' lang='lat'><strong>,</strong></span> <span class='ocrx_word' id='word_1_130' title='bbox 1723 2174 1813 2223; x_wconf 84' lang='lat' dir='ltr'>ne</span> 
     </span>
     <span class='ocr_line' id='line_1_21' title="bbox 297 2244 1741 2348; baseline 0 -28"><span class='ocrx_word' id='word_1_131' title='bbox 297 2245 534 2321; x_wconf 83' lang='lat' dir='ltr'>aevitiae</span> <span class='ocrx_word' id='word_1_132' title='bbox 569 2244 1073 2345; x_wconf 84' lang='lat' dir='ltr'>exprobratores</span> <span class='ocrx_word' id='word_1_133' title='bbox 1114 2246 1343 2320; x_wconf 85' lang='lat' dir='ltr'>vivere</span> <span class='ocrx_word' id='word_1_134' title='bbox 1378 2270 1741 2348; x_wconf 84' lang='lat' dir='ltr'>pateretur.</span> 
     </span>
     <span class='ocr_line' id='line_1_22' title="bbox 259 2345 1815 2421; baseline 0.002 -4"><span class='ocrx_word' id='word_1_135' title='bbox 259 2402 272 2417; x_wconf 82' lang='lat'><strong>.</strong></span> <span class='ocrx_word' id='word_1_136' title='bbox 373 2346 637 2421; x_wconf 89' lang='lat' dir='ltr'>XLVI.</span> <span class='ocrx_word' id='word_1_137' title='bbox 658 2346 824 2417; x_wconf 82' lang='grc' dir='ltr'>Τοτ</span> <span class='ocrx_word' id='word_1_138' title='bbox 850 2347 1028 2421; x_wconf 88' lang='lat' dir='ltr'>inter</span> <span class='ocrx_word' id='word_1_139' title='bbox 1055 2372 1310 2421; x_wconf 87' lang='lat' dir='ltr'>mortes</span> <span class='ocrx_word' id='word_1_140' title='bbox 1332 2346 1607 2421; x_wconf 79' lang='lat' dir='ltr'>casuum</span> <span class='ocrx_word' id='word_1_141' title='bbox 1634 2345 1815 2420; x_wconf 80' lang='lat' dir='ltr'>firni-</span> 
     </span>
     <span class='ocr_line' id='line_1_23' title="bbox 267 2444 1815 2522; baseline 0.001 -3"><span class='ocrx_word' id='word_1_142' title='bbox 267 2444 562 2519; x_wconf 85' lang='lat' dir='ltr'>litudine</span> <span class='ocrx_word' id='word_1_143' title='bbox 611 2445 794 2518; x_wconf 80' lang='lat' dir='ltr'>haud</span> <span class='ocrx_word' id='word_1_144' title='bbox 849 2448 1325 2521; x_wconf 83' lang='lat' dir='ltr'>memorandas</span> <span class='ocrx_word' id='word_1_145' title='bbox 1379 2476 1513 2521; x_wconf 86' lang='lat' dir='ltr'>una</span> <span class='ocrx_word' id='word_1_146' title='bbox 1565 2449 1815 2522; x_wconf 84' lang='lat' dir='ltr'>exstitit</span> 
     </span>
     <span class='ocr_line' id='line_1_24' title="bbox 271 2542 1819 2647; baseline 0.001 -29"><span class='ocrx_word' id='word_1_147' title='bbox 271 2544 621 2645; x_wconf 82' lang='lat' dir='ltr'>infignior.</span> <span class='ocrx_word' id='word_1_148' title='bbox 707 2545 749 2621; x_wconf 89' lang='lat' dir='ltr'>J</span> <span class='ocrx_word' id='word_1_149' title='bbox 755 2542 927 2617; x_wconf 81' lang='lat' dir='ltr'>uffus</span> <span class='ocrx_word' id='word_1_150' title='bbox 980 2546 1170 2617; x_wconf 86' lang='lat' dir='ltr'>enim</span> <span class='ocrx_word' id='word_1_151' title='bbox 1218 2550 1473 2647; x_wconf 86' lang='lat' dir='ltr'>Capito</span> <span class='ocrx_word' id='word_1_152' title='bbox 1527 2548 1652 2622; x_wconf 88' lang='lat' dir='ltr'>filii</span> <span class='ocrx_word' id='word_1_153' title='bbox 1712 2546 1819 2621; x_wconf 82' lang='lat' dir='ltr'>sui</span> 
     </span>
     <span class='ocr_line' id='line_1_25' title="bbox 273 2640 1823 2731; baseline 0.001 -11"><span class='ocrx_word' id='word_1_154' title='bbox 273 2645 446 2721; x_wconf 85' lang='lat' dir='ltr'>caedi</span> <span class='ocrx_word' id='word_1_155' title='bbox 501 2640 833 2716; x_wconf 77' lang='lat' dir='ltr'>intereffe&#39;</span> <span class='ocrx_word' id='word_1_156' title='bbox 853 2698 876 2731; x_wconf 87' lang='lat'><strong>,</strong></span> <span class='ocrx_word' id='word_1_157' title='bbox 932 2652 1005 2716; x_wconf 88' lang='lat'>&amp;</span> <span class='ocrx_word' id='word_1_158' title='bbox 1041 2670 1268 2716; x_wconf 69' lang='lat' dir='ltr'>enum</span> <span class='ocrx_word' id='word_1_159' title='bbox 1318 2645 1547 2719; x_wconf 81' lang='lat' dir='ltr'>clausis</span> <span class='ocrx_word' id='word_1_160' title='bbox 1601 2647 1823 2721; x_wconf 84' lang='lat' dir='ltr'>oculis</span> 
     </span>
     <span class='ocr_line' id='line_1_26' title="bbox 271 2740 1819 2831; baseline 0.004 -17"><span class='ocrx_word' id='word_1_161' title='bbox 271 2780 316 2814; x_wconf 66' lang='grc' dir='ltr'><strong><em>ω</em></strong></span> <span class='ocrx_word' id='word_1_162' title='bbox 329 2741 558 2819; x_wconf 81' lang='lat' dir='ltr'>adeffe</span> <span class='ocrx_word' id='word_1_163' title='bbox 579 2740 814 2817; x_wconf 87' lang='lat' dir='ltr'>liceret</span> <span class='ocrx_word' id='word_1_164' title='bbox 828 2741 1134 2815; x_wconf 69' lang='lat' dir='ltr'>»interro</span> <span class='ocrx_word' id='word_1_165' title='bbox 1187 2770 1327 2831; x_wconf 81' lang='lat' dir='ltr'>ans,</span> <span class='ocrx_word' id='word_1_166' title='bbox 1340 2745 1561 2817; x_wconf 88' lang='lat' dir='ltr'>statim</span> <span class='ocrx_word' id='word_1_167' title='bbox 1578 2748 1819 2820; x_wconf 86' lang='lat' dir='ltr'>mortis</span> 
     </span>
     <span class='ocr_line' id='line_1_27' title="bbox 276 2840 1819 2946; baseline 0 -25"><span class='ocrx_word' id='word_1_168' title='bbox 276 2845 646 2921; x_wconf 83' lang='lat' dir='ltr'>damnatus</span> <span class='ocrx_word' id='word_1_169' title='bbox 667 2843 778 2916; x_wconf 91' lang='lat' dir='ltr'>est.</span> <span class='ocrx_word' id='word_1_170' title='bbox 809 2843 970 2921; x_wconf 85' lang='lat' dir='ltr'>Jarn</span> <span class='ocrx_word' id='word_1_171' title='bbox 987 2840 1106 2946; x_wconf 88' lang='lat' dir='ltr'>sup</span> <span class='ocrx_word' id='word_1_172' title='bbox 1178 2843 1311 2917; x_wconf 92' lang='lat' dir='ltr'>icio</span> <span class='ocrx_word' id='word_1_173' title='bbox 1332 2840 1675 2946; x_wconf 78' lang='lat' dir='ltr'>proximus</span> <span class='ocrx_word' id='word_1_174' title='bbox 1692 2901 1713 2934; x_wconf 89' lang='lat'>‚</span> <span class='ocrx_word' id='word_1_175' title='bbox 1747 2842 1819 2921; x_wconf 84' lang='lat' dir='ltr'>se</span> 
     </span>
     <span class='ocr_line' id='line_1_28' title="bbox 280 2942 1819 3043; baseline -0.002 -22"><span class='ocrx_word' id='word_1_176' title='bbox 280 2970 370 3021; x_wconf 85' lang='lat' dir='ltr'>ex</span> <span class='ocrx_word' id='word_1_177' title='bbox 412 2944 768 3043; x_wconf 86' lang='lat' dir='ltr'>conjuratis</span> <span class='ocrx_word' id='word_1_178' title='bbox 797 2972 1012 3018; x_wconf 89' lang='lat' dir='ltr'>unum</span> <span class='ocrx_word' id='word_1_179' title='bbox 1043 2971 1081 3017; x_wconf 88' lang='lat' dir='ltr'>e</span> <span class='ocrx_word' id='word_1_180' title='bbox 1137 2971 1175 3018; x_wconf 93' lang='lat' dir='ltr'>e</span> <span class='ocrx_word' id='word_1_181' title='bbox 1212 2942 1550 3020; x_wconf 54' lang='lat' dir='ltr'>simulavit</span> <span class='ocrx_word' id='word_1_182' title='bbox 1574 3002 1596 3034; x_wconf 92' lang='lat'>‚</span> <span class='ocrx_word' id='word_1_183' title='bbox 1634 2945 1819 3018; x_wconf 85' lang='lat' dir='ltr'>incli-</span> 
     </span>
     <span class='ocr_line' id='line_1_29' title="bbox 287 3040 1817 3145; baseline 0.001 -28"><span class='ocrx_word' id='word_1_184' title='bbox 287 3045 476 3118; x_wconf 87' lang='lat' dir='ltr'>cium</span> <span class='ocrx_word' id='word_1_185' title='bbox 509 3040 850 3145; x_wconf 76' lang='lat' dir='ltr'>profess&#39;us.</span> <span class='ocrx_word' id='word_1_186' title='bbox 891 3045 990 3117; x_wconf 86' lang='lat' dir='ltr'>At</span> <span class='ocrx_word' id='word_1_187' title='bbox 1019 3044 1323 3119; x_wconf 83' lang='lat' dir='ltr'>laetitiam</span> <span class='ocrx_word' id='word_1_188' title='bbox 1355 3102 1377 3134; x_wconf 92' lang='lat'>‚</span> <span class='ocrx_word' id='word_1_189' title='bbox 1426 3044 1603 3118; x_wconf 59' lang='lat' dir='ltr'>nova</span> <span class='ocrx_word' id='word_1_190' title='bbox 1632 3046 1817 3119; x_wconf 84' lang='lat' dir='ltr'>occi-</span> 
     </span>
     <span class='ocr_line' id='line_1_30' title="bbox 281 3141 1825 3248; baseline -0.003 -23"><span class='ocrx_word' id='word_1_191' title='bbox 281 3143 682 3225; x_wconf 74' lang='lat' dir='ltr'>dendorum</span> <span class='ocrx_word' id='word_1_192' title='bbox 710 3141 822 3248; x_wconf 87' lang='lat' dir='ltr'>spe</span> <span class='ocrx_word' id='word_1_193' title='bbox 845 3142 1242 3248; x_wconf 82' lang='lat' dir='ltr'>gliscentem</span> <span class='ocrx_word' id='word_1_194' title='bbox 1264 3202 1289 3239; x_wconf 90' lang='lat'>‚</span> <span class='ocrx_word' id='word_1_195' title='bbox 1314 3146 1453 3220; x_wconf 69' lang='lat' dir='ltr'>cito</span> <span class='ocrx_word' id='word_1_196' title='bbox 1477 3144 1764 3248; x_wconf 82' lang='lat' dir='ltr'>repreffit</span> <span class='ocrx_word' id='word_1_197' title='bbox 1785 3202 1825 3237; x_wconf 73' lang='lat'>,</span> 
     </span>
    </p>
   </div>
   <div class='ocr_carea' id='block_1_3' title="bbox 1884 713 1987 766">
    <p class='ocr_par' dir='ltr' id='par_1_8' title="bbox 1884 713 1987 766">
     <span class='ocr_line' id='line_1_31' title="bbox 1884 713 1987 766; baseline 0.01 -1"><span class='ocrx_word' id='word_1_198' title='bbox 1884 713 1987 766; x_wconf 69' lang='lat'>40·</span> 
     </span>
    </p>
   </div>
  </div>
 </body>
</html>
