2294 3870
602 192 1157 277 AN‘N'AHUM
1213 202 1533 287 Nora.
1699 225 1831 307 335

299 320 376 407 est
403 323 805 403 phoenicopteri
821 323 1142 407 fiznguine,
1173 322 1567 405 prodigiiloco
1592 324 1841 400 habitum

297 407 398 467 est.
438 404 670 466 Sueton.
696 408 756 465 in
784 404 932 465 Caio
954 451 971 478 ‚
1011 402 1160 482 Cap.
1192 421 1284 476 57.
1824 404 1831 409 ‘

308 482 582 623 Ἥξιεᾱίε
602 484 952 565 rumqstulos.
979 482 1142 563 Quos
1174 481 1303 544 vide
1322 482 1475 563 apud
1496 480 1802 567 josephum
1820 532 1838 563 ,

299 584 327 624 ι
365 584 386 623 1
427 603 444 622 .
1079 585 1084 595 ·

381 640 637 702 Cruenta
665 637 882 717 fabuld.
925 636 1078 701 cam
1108 642 1262 701 enim
1292 640 1406 701 dies
1440 642 1537 701 illa
1564 662 1759 725 quarta
1784 652 1843 704 δε

307 720 565 783 vicesima
609 719 861 795 ,Ianuarii
913 718 1062 778 caede
1110 719 1299 800 Philip
1344 724 1406 793 i,
1461 720 1841 783 Macedonum

301 804 933 942 ἷὲἓῖἰᾶῑὲῗῖῗὲῗςίῗῑῖ
952 803 1639 963 ἓὲἓΐὲπεῖἱεῗῗὲἒξῖἓξὲ
1660 824 1845 943 ““ἓῗὲ

303 963 368 1021 in
405 964 640 1021 cruentis
674 960 874 1020 fabulis
917 960 1042 1017 acia
1084 926 1180 1017 est’.
1247 958 1457 1019 Mimus
1490 963 1638 1021 cruci
1662 928 1844 1023 'affixit

301 1038 648 1102 Laureolum
664 1086 681 1115 ,
701 1048 756 1099 &
771 1038 1016 1098 Mnester
1035 1036 1419 1098 Pantomimus
1438 1040 1644 1100 caedem
1662 1041 1845 1124 Ciny-

307 1140 420 1195 τε,
465 1118 594 1194 ejus
621 1140 692 1179 ue
733 1117 860 1177 filiae
900 1116 1146 1201 Myrrhae
1187 1121 1318 1258 effic.
1374 1117 1505 1184 Jose
1548 1118 1605 1179 h.
1645 1120 1843 1203 Antiq.

311 1199 445 1265 Jud.
465 1196 555 1259 XI
634 1245 650 1272 ,
681 1220 704 1257 1
734 1244 754 1273 ‚
797 1220 854 1257 n.
883 1217 972 1276 13.
1011 1195 1197 1262 Juveu
1255 1241 1271 1258 .
1302 1198 1484 1282 Satyr.
1505 1142 1690 1277 (lm,
1719 1206 1848 1275 187.

309 1278 373 1344 ,V
375 1278 465 1339 ide
505 1286 561 1337 &
591 1277 922 1339 Suetonium
958 1279 1018 1335 in
1049 1276 1233 1352 Caio,
1270 1276 1419 1359 Cap.
1458 1295 1549 1353 57.
1824 1349 1832 1355 ι

390 1358 546 1417 Hora
552 1355 678 1433 fere
682 1353 1087 1436 fhptimaAEost
1111 1377 1294 1417 ortum
1313 1358 1497 1433 Solis;
1522 1378 1586 1417 ac
1608 1355 1847 1438 proinde

309 1457 429 1499 erat
454 1436 594 1497 hora
621 1438 805 1497 nostra
831 1436 944 1495 fere
971 1432 1209 1497 secunda
1232 1436 1665 1518 promeridiana.
1697 1438 1849 1497 Suet.

312 1520 374 1577 in
400 1517 544 1579 Caio
560 1564 577 1591 ,
606 1517 753 1598 Cap.
777 1522 868 1589 58.
898 1512 1173 1597 Josephus
1197 1536 1382 1577 autem
1403 1518 1513 1577 loc.
1538 1518 1631 1577 cit.
1653 1538 1711 1576 n.
1741 1538 1843 1590 14,

317 1596 515 1656 horam
552 1594 766 1655 noriam
805 1592 1028 1674 scripsit.

389 1674 748 1757 Probrosbque
797 1690 1043 1747 accepto.
1084 1672 1314 1754 Jostph.
1352 1674 1488 1735 ibid.

390 1754 600 1829 Accipe
642 1771 845 1813 ratum.
877 1753 1108 1812 Sueton.
1143 1754 1276 1813 ibid.

389 1833 483 1896 Ab
515 1831 722 1915 Aquilai
753 1830 1040 1916 ingestum.
1078 1830 1310 1937 Joseplr.
1344 1832 1483 1897 ibid.
1530 1878 1545 1891 .

395 1989 550 2054 Car.
563 1987 823 2050 LXXX.
847 1985 1028 2065 Prope
1037 1988 1604 2068 quadriennioffacit.
1616 1989 1850 2072 Dialog.

319 2071 391 2132 de
424 2069 590 2134 Orat.
627 2069 714 2131 Ca
759 2110 774 2128 .
821 2087 912 2140 17.
946 2069 1180 2130 Sueton.
1208 2073 1269 2128 in
1307 2070 1453 2131 Caio
1476 2117 1492 2143 ,
1530 2069 1794 2147 Cap.·5'9.

403 2150 457 2209 P
463 2168 595 2210 aren
603 2166 704 2210 τες.
713 2091 882 2210 gater
898 2145 1269 2210 Germanicus
1287 2194 1303 2223 ,
1322 2149 1644 2232 Agrippina
1663 2166 1855 2222 mater,

321 2231 448 2290 avia
479 2229 748 2288 Antonia.
1254 2247 1261 2255 ’

393 2306 1050 2390 Eminentifut‘tstaturd.
1075 2307 1308 2367 Sueton.
1323 2309 1383 2366 in
1401 2307 1568 2380 Caio,
1590 2305 1737 2384 Cap.
1762 2323 1855 2378 50.

233 2459 244 2463 -
400 2386 655 2456 Anilitas
675 2386 914 2463 frontis.
962 2389 1217 2462 Seneca,
1262 2384 1328 2446 de
1370 2385 1698 2469 Constantini
1728 2383 1855 2444 Sa-
1918 2464 1938 2470 ψ

319 2465 529 2545 pientii·
550 2511 570 2540 ,
618 2466 766 2548 Cap.
802 2472 891 2526 18.
1187 2496 1191 2499 ·
1922 2473 1925 2476 ’

406 2545 827 2624 Rigentiumque
847 2544 1140 2604 oculorum.
1162 2543 1305 2604 Plin.
1327 2544 1416 2605 XI
1435 2592 1451 2618 ‚
1479 2567 1548 2622 37
1573 2567 1592 2621 ;
1616 2542 1740 2603 ίέἑὶ.
1765 2560 1861 2616 ς4.

411 2621 704 2686 Antonioe.
729 2622 858 2680 Caii
887 2626 1039 2684 aviae.
1056 2623 1286 2682 Sueton.
1312 2626 1372 2681 in
1394 2624 1538 2685 Caio
1558 2669 1573 2696 ‚
1598 2623 1743 2704 Cap.
1766 2645 1863 2699 24.

409 2698 659 2761 Didicit.
718 2699 979 2781 Principe
1025 2722 1092 2760 ac
1135 2702 1397 2782 magistro
1438 2701 1669 2761 Tiberio
1690 2749 1708 2776 ‚
1805 2704 1863 2762 ui

333 2778 462 2841 Caii
489 2797 735 2839 mentem
772 2782 851 2839 ita
887 2778 1162 2861 perspexit
1184 2826 1200 2853 ‚
1241 2797 1301 2838 ut
1335 2778 1622 2858 aliquoties
1642 2800 1761 2854 proe
1802 2781 1861 2839 i-

335 2876 535 2935 caret,
573 2858 743 2920 exitio
763 2859 868 2936 fito
907 2858 1245 2938 omniumque
1280 2854 1479 2919 Caium
1510 2859 1697 2919 vivere
1724 2881 1743 2915 .-
1796 2857 1861 2917 a·

315 2940 387 3020 Je
409 2937 680 3007 natricem
709 2944 735 3014 (
741 2938 1022 3017 serpentis
1043 2934 1103 2998 id
1117 2947 1335 3020 genus)
1354 2935 1548 3014 populo
1574 2935 1823 2997 Romano
1839 2982 1864 3010 ,

335 3016 706 3080 Phaetontem
755 3017 870 3077 orbi
907 3035 1182 3078 terrarum
1221 3015 1473 3078 educare.
1527 3014 1757 3077 Sueton.
1798 3019 1859 3074 in

337 3097 516 3172 Caio,
546 3096 695 3177 Cap.
715 3117 736 3155 1
756 3117 807 3158 1.
832 3097 925 3157 De
943 3097 1210 3179 Capreis,
1243 3117 1395 3158 nunc
1415 3095 1625 3174 Capri,
1649 3096 1855 3157 dicium

340 3174 500 3260 supra
522 3177 731 3240 Annal-
758 3174 865 3254 IV,
895 3185 996 3250 670
