2294 3870
416 287 424 301 ·
467 257 610 326 106

449 353 728 457 XVII.
781 351 968 454 Caio
998 434 1028 469 ,
1090 394 1181 454 ut
1229 365 1462 455 Urbis
1510 355 1920 487 restitutori
1938 431 1979 470 ,

450 511 770 592 lzonores
809 504 1105 588 decreti.
1142 504 1345 590 ,Hos
1384 505 1587 587 inter
1622 504 1728 586 ad
1757 505 1983 620 inge-

452 643 619 724 nita
654 640 852 724 vitia
890 640 1262 752 Princeps
1300 635 1695 721 delabitur.
1736 637 1981 724 XIX.

451 773 656 887 Ejus
693 770 994 856 morbus
995 803 1032 870 ,·
1087 755 1447 885 Urbisque
1484 769 1717 854 dolor.
1780 770 1985 858 XX.

360 937 364 942 ·
463 905 695 989 Caius
767 893 1282 1018 convalescit,
1333 904 1481 1019 sed
1544 928 1835 989 mutato
1893 905 1983 987 -in

438 1040 670 1155 pejus
699 1039 978 1122 animo.
1039 1033 1281 1119 XXI.
1330 1034 1704 1120 Tiberium
1730 1081 1771 1135 ·,
1839 1035 1986 1120 T·-

451 1171 642 1255 berii
677 1197 1018 1287 nepotem
1044 1235 1077 1269 ,
1131 1171 1515 1286 interficit.
1567 1169 1859 1253 XXII.
1884 1169 1987 1254 In

454 1303 652 1389 alios
682 1333 966 1418 quoque
1003 1305 1348 1390 crudelis.
1386 1299 1717 1390 XXIII.
1762 1303 1987 1390 Uxo-

455 1467 611 1523 rem
647 1437 859 1522 ducit
881 1431 1193 1524 Libiam
1232 1437 1660 1548 Orestillam
1688 1502 1721 1536 ,
1762 1467 1987 1552 quam

455 1599 645 1653 mox
717 1572 1077 1685 repudiat.
1168 1571 1493 1655 XXIV.
1557 1569 1987 1655 Labantem

431 1689 1179 1821 ffimampropagatd
1194 1688 1709 1802 Saturnalium
1734 1704 1987 1787 hilari-

448 1859 609 1920 tate
612 1837 954 1952 stistinet.
995 1838 1278 1924 XXV.
1314 1837 1687 1922 Portenta
1722 1863 1983 1920 tamen

450 1971 755 2088 vulgari
811 1999 1075 2089 coepta.
1155 1972 1481 2059 XXVI.
1521 1972 1811 2056 Eorum
1863 1971 1989 2054 in-

453 2107 666 2193 vidia
721 2090 1115 2223 Principis
1164 2106 1679 2223 popularitate
1737 2106 1809 2189 6·
1874 2104 1990 2187 li·-

452 2240 850 2322 beralitate
926 2240 1339 2352 depellitur.
1438 2239 1805 2324 XXVII.
1861 2241 1949 2325 A
1952 2264 1997 2323 t

351 2360 355 2365 ’
454 2364 828 2483 malesszna
899 2371 1064 2483 ejus
1117 2399 1327 2455 mens
1395 2372 1705 2485 nefariis
1747 2376 1991 2457 Heli-

455 2505 672 2585 conis
704 2506 776 2587 δ’
791 2504 1098 2621 Apellis
1133 2505 1427 2592 artibus
1446 2509 1989 2623 pefficmdatur.
2082 2488 2085 2491 ⁴

452 2633 867 2722 XXVIII.
909 2636 1221 2751 Effiena
1250 2642 1841 2756 spedaculorum
1884 2646 1991 2729 li-

455 2768 654 2853 bido.
714 2768 1044 2858 XXIX.
1085 2770 1331 2887 Favet
1373 2778 1692 2891 senatus
1710 2810 1749 2877 ;
1783 2780 1985 2895 sita-

457 2932 596 3015 que
678 2903 881 2987 inter
923 2906 1208 3017 fitnera
1264 2898 1572 3022 plaudit
1621 2916 1985 3029 populus,

451 3033 741 3121 XXX.
773 3032 1177 3124 Macronis
1211 3041 1503 3157 ejusque
1536 3045 1799 3127 domz‘is
1838 3048 1985 3129 rui-

459 3194 583 3249 na.
673 3168 1001 3258 XXXI.
1085 3172 1204 3258 Ut
1250 3162 1515 3290 plures
1572 3172 1917 3293 perirent
1936 3230 1977 3277 ;,
