2294 3870
484 224 637 303 ⁴566
823 220 1670 297 Suvrrzurnrtrir

220 370 466 429 Ξ
480 368 756 420 »vetare
782 341 992 415 etiam
1014 370 1103 418 ne
1127 344 1278 443 quis
1301 341 1644 417 senatoriae
1663 341 2022 445 dignitatis

230 452 302 507 A·
322 456 385 504 U·
408 452 519 515 (ἕω
531 446 652 520 fibi
675 466 1051 516 occurreret
1067 478 1107 509 ιι
1121 498 1137 515 .
1161 442 1436 517 Omiffo
1453 445 1750 520 dilatove
1773 446 2018 518 trium-

276 552 409 610 793·
476 547 615 650 pho
638 603 663 636 ,
704 571 911 617 ovans
953 542 1222 615 Urbem
1270 543 1481 616 natali
1525 543 1644 618 suo
1691 543 2016 648 ingreffus

272 636 327 685 ³·
354 636 417 686 C·
479 649 570 722 est
595 674 618 741 3
669 653 739 718 δε
764 699 787 731 ,
833 668 909 717 ut
954 641 1168 715 studia
1205 641 1318 716 vul
1367 644 1390 714 i
1435 670 1704 744 pararet
1732 703 1755 734 ,
1805 672 2018 717 num-

290 734 393 792 ‚40-

469 772 619 821 mos
679 770 824 816 non
885 742 1266 817 mediocris
1342 770 1590 816 ummae
1644 772 1682 817 e
1745 742 2012 845 fastigio

469 842 753 920 bafilicae
791 844 834 923 J
838 843 985 919 uliae
1072 870 1143 917 er
1187 842 1446 943 aliquot
1487 844 1630 917 dies
1660 842 1896 945 sparsit
1936 847 2016 919 in

467 944 803 1049 plebem:
858 945 992 1018 hau
1088 970 1319 1045 expers
1364 944 1778 1019 liberalitatis
1810 997 1836 1033 ,
1889 946 2016 1019 ubi

470 1046 564 1131 ad
604 1042 924 1119 saevitiam
971 1056 1043 1119 ὅτ
1087 1043 1456 1120 libidinem
1498 1045 1702 1121 utilis·

568 1147 832 1221 XLIII.
846 1146 1132 1225 VERUM
1149 1170 1386 1247 praeter
1400 1146 1636 1221 animo
1653 1162 2018 1245 conceptas

456 1247 729 1324 'irarum
775 1244 995 1321 causas
1019 1304 1044 1337 ,
1093 1260 1300 1323 novas
1339 1247 1589 1323 adtulit
1636 1246 2016 1346 conjuratio

472 1348 562 1422 ab
595 1347 847 1423 Anicio
888 1348 1165 1426 Cereali
1199 1349 1487 1452 prodita.
1533 1352 1749 1448 Cujus
1781 1350 2018 1419 aucto-

471 1468 628 1523 ‘rem
674 1451 952 1523 Sextum
996 1450 1356 1550 Papinium
1385 1506 1408 1539 ,
1454 1448 1782 1530 consulari
1823 1471 2014 1549 patre

472 1575 703 1623 ortum
728 1604 749 1635 ,
780 1576 992 1620 unum
1017 1548 1225 1647 plecti
1250 1549 1433 1621 haud
1455 1546 1612 1621 satis
1639 1548 1879 1622 visum.
1899 1550 1964 1618 Is
1985 1604 2016 1635 ,

468 1670 546 1723 ut
592 1645 682 1720 ad
735 1642 993 1718 facinus
1024 1700 1047 1733 ,
1110 1647 1206 1718 ita
1256 1645 1343 1717 ad
1401 1645 1718 1721 facinoris
1778 1674 2014 1748 poenas

460 1736 839 1818 'obduratus
865 1801 888 1833 ,
938 1742 1101 1816 cum
1146 1743 1393 1818 silentii
1431 1745 1664 1819 firmus
1702 1771 1960 1820 taceret
1985 1804 2010 1837 ,

464 1868 736 1948 rogatus
758 1846 852 1918 est
870 1872 1039 1946 quos
1064 1844 1273 1919 vellet
1290 1848 1444 1919 Vere
1467 1872 1580 1920 aut
1603 1845 1776 1921 falso
1793 1846 2010 1921 socios

462 1975 503 2020 a
548 1938 873 2048 pellaret‘:
908 1945 1191 2050 spesque.
1219 1947 1444 2022 salutis
1475 1959 1546 2024 &
1580 1949 2006 2052 impunitatis

468 1975 720 2123 oblata.
784 2050 917 2124 Seu
963 2075 1136 2149 quos
1185 2049 1432 2124 dixerit
1455 2107 1478 2139 ‚
1533 2050 1648 2124 seu
1680 2077 1846 2150 quos
1868 2075 2008 2124 ,vo-

465 2148 671 2226 luerit
694 2150 1013 2250 Princeps
1038 2208 1061 2239 ,
1112 2147 1368 2226 fuerint
1402 2150 1716 2250 suppositi
1742 2208 1766 2238 ‚
1815 2151 2006 2223 Beti-

464 2249 685 2323 lienus
739 2247 965 2321 Baffus
1000 2303 1023 2333 ,
1082 2251 1362 2344 quaestor
1420 2259 1494 2319 &
1554 2251 2007 2346 procuratoris

462 2345 641 2415 filius
663 2399 686 2429 ,
725 2343 1059 2414 senatores
1090 2369 1369 2440 quoque
1397 2399 1418 2429 ,
1465 2353 1539 2416 &
1569 2347 1830 2442 equites
1861 2351 2007 2424 Ro-

460 2442 649 2514 mani
679 2440 1147 2538 corripiuntur.
1202 2442 1349 2514 Nec
1379 2440 1516 2516 vita
1537 2445 1819 2545 Papinio
1845 2475 2004 2548 per-

461 2537 653 2613 miffa
678 2595 703 2628 ,
748 2535 869 2611 sed
922 2536 1262 2640 exquisitis
1313 2545 1672 2620 tormentis
1726 2553 2016 2625 enectus·

462 2643 575 2717 est.

568 2738 829 2816 XLIV.
850 2741 1049 2814 Dnm
1070 2741 1388 2845 Princeps
1413 2769 1554 2818 non
1627 2746 1998 2840 uaestionisss

456 2841 578 2918 sed
608 2840 821 2917 animi
842 2840 1036 2914 causa
1055 2898 1077 2930 ‚
1116 2868 1375 2918 ceteros
1400 2845 1597 2946 flagel
1632 2849 1682 2920 ‘s
1704 2851 1994 2941 cecidit,

455 2943 750 3022 fidiculis
780 2997 801 3030 ‚
853 2939 1262 3015 tabularibus
1288 2999 1310 3031 ‚
1371 2946 1664 3042 equuleo
1695 3005 1717 3037 ‚
1776 2951 1936 3050 igne
1965 3008 1992 3040 ,

458 3043 653 3144 vultu
711 3043 830 3118 suo
888 3039 1073 3114 torfit
1112 3097 1134 3129 ‚
1205 3041 1284 3112 id
1339 3069 1556 3118 unum
1615 3074 1990 3150 praecavens

454 3160 549 3214 ne
568 3207 573 3215 ,
592 3145 729 3215 citb
764 3143 1083 3242 perirent.
1131 3141 1448 3222 Gemitus
1487 3173 1756 3248 quoque
1779 3203 1802 3238 ,
1849 3175 1990 3224 una.
