2294 3870
573 232 1545 328 ANNALHJMUNOTAE.
1684 262 1877 344 341*

291 353 636 495 &deverare
666 357 741 414 ait
777 353 896 413 Dio
918 400 935 427 ,
968 354 1079 414 loc.
1117 354 1209 413 cit.
1264 350 1539 430 Quaedam
1577 372 1761 415 tamen
1792 374 1836 415 a
1864 356 1869 360 ’

355 428 637 512 espafiano
683 434 906 493 abolita.
1867 442 1876 450 “

367 510 684 587 impietatis
703 511 1040 575 criminibus.
1062 512 1365 591 Impietatis
1386 514 1447 571 in
1466 508 1787 595 Principem
1803 532 1825 591 ς,

291 610 464 672 quam
499 610 682 651 tamen
720 588 1068 651 ulciscebatur
1088 638 1106 666 ,
1150 590 1188 649 fi
1222 590 1351 651 effet
1388 610 1517 652 cum
1551 593 1671 653 aliis
1708 597 1823 654 cri-
1863 605 1873 615 ”

289 670 530 729 minibus
567 672 882 748 confunda.
926 672 1048 731 Dio
1075 716 1093 745 ‚
1133 668 1268 729 ibid.

301 886 308 897 ,
369 828 518 887 Cn.
550 828 747 891 XVII.
788 827 959 889 Duos
994 823 1128 887 Caii
1165 822 1392 889 libellos.
1439 822 1659 890 Ferales
1690 828 1828 892 illos

284 906 500 973 libellos
522 954 540 982 ,
578 907 847 970 Gladium
880 914 935 966 &
963 906 1271 985 Pugionem
1297 908 1609 986 appellatos
1636 956 1653 983 ,
1701 932 1823 971 me·-

281 1006 505 1045 morant
540 988 836 1047 Suetonius
874 988 937 1045 in
969 983 1116 1044 Caio
1138 1030 1157 1059 ,
1193 984 1341 1064 Cap.
1368 1008 1466 1057 49.
1514 988 1635 1047 Dio
1673 1008 1823 1067 ux,

328 1087 361 1125 a
405 1106 421 1123 .
457 1074 592 1123 660.
694 1097 700 1100 -
1172 1094 1175 1099 ·

283 1087 324 1145 Ρ
363 1086 606 1222 {famo-fis
628 1140 826 1202 literis.
866 1141 958 1201 De
981 1142 1066 1201 his
1091 1143 1257 1201 literis
1292 1125 1823 1225 -commentatiiscjue

279 1220 538 1281 adversus
579 1221 706 1281 Caii
741 1240 976 1281 matrem
1029 1242 1094 1280 ac
1138 1221 1335 1281 fratres
1375 1220 1583 1302 scriptis
1609 1269 1626 1296 ,
1676 1242 1821 1303 quos

282 1318 554 1361 crematos
596 1300 936 1361 simulaverat
957 1346 975 1374 ,
1023 1302 1261 1360 diximus
1302 1303 1362 1359 in
1410 1303 1822 1381 Supplemento

281 1379 497 1440 Annal.
519 1379 634 1441 VII
659 1427 675 1455 ,
712 1386 744 1439 8
769 1387 823 1439 &
853 1401 875 1441 1
893 1401 943 1439 1.

360 1456 667 1533 Interfecit.
712 1460 833 1519 Dio
877 1478 958 1517 tx
985 1504 1002 1531 ,
1041 1478 1178 1539 pag.
1217 1464 1352 1528 667.

358 1536 423 1601 V
418 1557 708 1598 ettenorum
721 1536 965 1615 plenam.
995 1537 1230 1598 Sueten.
1250 1540 1311 1596 in
1334 1535 1481 1599 Caio
1502 1582 1520 1612 ‚
1552 1536 1700 1619 Cap.
1722 1557 1829 1613 490·

355 1694 508 1755 Cn.
552 1692 776 1755 XVIII.
827 1692 885 1755 Α
919 1690 1187 1767 Principe
1203 1690 1484 1771 servatos.
1530 1695 1692 1769 JInde
1735 1712 1821 1758 tot

277 1774 501 1837 Claudii
518 1776 732 1833 nummi
754 1818 772 1846 ‚
805 1792 941 1831 auro
963 1818 978 1845 ,
1007 1791 1244 1852 argento
1267 1780 1321 1830 &
1345 1794 1449 1854 atr-e
1475 1774 1587 1833 cufi
1607 1822 1624 1848 ,
1659 1796 1815 1857 quo-
1846 1786 1853 1791 “
1917 1772 1925 1780 “

276 1874 398 1913 rum
429 1855 488 1911 in
525 1872 680 1931 parte
715 1851 924 1930 postica
955 1852 1030 1909 est
1060 1870 1272 1909 corona
1304 1870 1543 1931 quercea
1562 1898 1580 1927 ,
1620 1855 1679 1912 in
1705 1854 1817 1939 qua

271 1932 571 2012 scriptum,
610 1951 690 1990 Ex
733 1951 818 1990 se.
861 1949 940 1990 on
981 1949 1163 1990 cums
1206 1948 1559 1991 sERvATos.

357 2011 584 2072 Nimios
620 2008 868 2068 honores.
911 2008 1141 2068 Sueton.
1183 2009 1245 2065 in
1282 2006 1485 2067 Claud.
1528 2009 1679 2090 Cap.
1723 2029 1815 2072 ηε

271 2089 393 2152 Dio
427 2109 509 2148 Lx
531 2133 550 2162 ‚
591 2109 728 2170 pag.
755 2095 864 2156 667
895 2093 949 2144 &
974 2085 1026 2145 se
1070 2126 1088 2143 .

357 2169 593 2229 Paucas
621 2166 683 2228 &⁶
708 2163 988 2243 modestas.
1074 2185 1207 2224 nam
1228 2183 1433 2246 nempe
1455 2183 1818 2249 argenteam.

276 2247 410 2309 duas
441 2269 508 2306 ex
535 2268 638 2306 aere
662 2253 717 2306 &
742 2244 947 2325 lapide.
989 2245 1108 2304 Dio
1129 2290 1153 2319 ,
1186 2243 1324 2303 ibid.

347 2325 664 2386 Diezitans.
702 2325 822 2386 Dio
850 2370 866 2398 ,
905 2324 1038 2384 ibid.

351 2403 424 2465 Id
459 2404 698 2466 biduum.
735 2403 964 2464 Sueton.
996 2405 1060 2462 in
1096 2401 1305 2479 Claud.
1337 2401 1487 2483 Cap.
1520 2422 1612 2463 11.

351 2483 515 2544 Aviae
550 2482 753 2542 Liviae.
776 2482 1010 2562 Augusti
1034 2484 1230 2555 uxori,
1276 2503 1399 2562 quae
1435 2482 1510 2542 ob
1548 2481 1817 2562 adoptio«

273 2583 408 2622 nem
439 2561 766 2621 Germanici
800 2563 922 2619 avia
959 2577 1075 2618 erat
1111 2558 1354 2619 Claudii.
1834 2583 1845 2592 ·

357 2638 604 2714 Inferias
632 2635 905 2712 publicas.
959 2637 1026 2695 In
1062 2638 1127 2694 iis
1164 2635 1369 2696 inferiis
1404 2641 1815 2700 exstruebantur

274 2741 383 2783 arae
405 2717 665 2791 {floribus
695 2715 1103 2776 exornabantur
1125 2760 1142 2787 ‚
1166 2715 1511 2778 caedebantur
1540 2721 1773 2778 viffimae
1793 2763 1813 2791 ,

204 2800 210 2805 “
277 2795 490 2880 diisque
511 2793 772 2854 Manibus
798 2791 1225 2869 iacrIficabat—ur3
1263 2793 1330 2853 de
1359 2797 1575 2882 reliquo
1612 2797 1813 2876 epula·-

275 2877 477 2937 bantur
498 2921 516 2950 ,
595 2877 650 2934 ui
683 2875 914 2934 mortuis
950 2876 1026 2933 ita
1061 2889 1505 2953 parentaverant.

349 2953 538 3014 Patri.
641 2955 799 3020 eroni
839 2951 1080 3014 Claudio
1120 2950 1329 3012 Druso.

305 3119 310 3124 '
335 3105 686 3176 'CA12.X1X.
709 3109 917 3177 Matri.
935 3111 1229 3189 Antoniae,
1250 3107 1820 3252 AntoniiPTfiumviffi

1564 3209 1624 3269 Β]
