2294 3870
571 193 778 266 Lm.
825 192 920 266 X.
971 209 1569 266 Ακκᾼιιυκ.
1719 215 1857 292 25¹

310 310 718 386 nmenfibus
755 311 833 385 in
858 307 1009 387 suos
1045 307 1242 386 orbes
1283 309 1526 392 redite.
1568 311 1709 388 Has
1733 341 1861 388 na-
1878 341 2113 406 53⁵⁵.

307 438 530 486 »rurae
595 411 782 514 leges
839 411 1089 484 Graecis
1137 410 1551 512 iamdudum
1609 412 1855 515 depre-
1876 405 1937 457 A.
1960 411 2025 459 υ·
2047 413 2113 462 C·

305 510 604 587 whensas
632 569 660 602 ,
715 539 754 587 a
781 510 894 590 ‚ud
944 512 1297 588 Romanos
1345 511 1625 616 Sulpicii
1664 515 1853 590 Galli

303 611 645 690 »scientia
667 641 762 688 no
811 611 1054 686 ilitatas
1072 668 1097 701 ,
1119 641 1207 688 eo
1234 612 1459 690 edicto
1482 613 1848 716 publicari,

305 738 444 790 :ut
492 715 576 790 in
627 714 754 792 hac
812 713 1087 814 imperii
1153 712 1503 788 literarum
1552 742 1637 790 ue
1696 715 1855 794 luce

301 813 650 914 aquisque
682 869 707 902 ,
749 839 945 888 metu
966 811 1221 888 solutus
1244 869 1269 904 ,
1316 838 1475 887 vera
1548 841 1587 890 e
1612 817 1853 892 natura

301 915 606 990 »sentiat
623 972 650 1004 ‚
691 941 818 988 nec
849 915 1146 986 monstra
1173 941 1252 988 ex
1300 912 1640 1002 avescat».
1685 917 1851 996 Tali

303 1015 602 1116 quidem
621 997 847 1092 edicto
878 1014 1194 1096 inclaruit
1244 1014 1513 1092 idei-alis
1536 1014 1851 1094 scientias

305 1141 378 1190 at
409 1116 488 1190 in
523 1113 712 1217 vulgi
748 1114 994 1192 animis
1029 1112 1297 1219 semper
1330 1113 1580 1193 insedit
1616 1116 1850 1220 super-2

303 1217 536 1314 stitio;
589 1226 661 1292 &
705 1243 984 1318 pavores
1026 1217 1352 1318 Principis
1400 1214 1851 1305 scrutantibus

305 1317 536 1392 obla'ta
559 1314 956 1391 sermonum
979 1325 1429 1417 iocorumque
1460 1320 1765 1397 materia.

401 1419 673 1494 XVIII.
710 1417 1181 1498 AMotmNms
1224 1417 1424 1493 rebus
1464 1417 1659 1491 novis
1696 1446 1851 1494 me·-

302 1517 508 1593 liores
551 1516 741 1594 filere
776 1517 924 1594 ludi
940 1575 964 1609 ,
1009 1545 1183 1619 quos
1208 1517 1543 1595 Claudius
1569 1545 1848 1596 voverat

301 1620 697 1694 Britannico
737 1617 922 1694 bello
941 1676 965 1711 ‚
1013 1645 1197 1694 nunc
1242 1619 1435 1696 editi.
1500 1621 1845 1696 Laetitiam

297 1720 486 1793 auxit
529 1721 858 1821 Principis
900 1719 1219 1821 largiti03
1264 1721 1543 1822 datique
1583 1723 1845 1818 viritim
1897 1777 1901 1781 -

297 1818 530 1922 plebi,
575 1847 724 1921 quae
765 1846 846 1894 ex
888 1820 1165 1921 publico
1203 1817 1625 1902 frumentum
1662 1824 1843 1900 acci-

290 1920 529 2025 piebat
545 1977 566 2009 ‚
593 1920 854 1995 treceni
871 1920 1144 1997 nummi
1166 1948 1191 2013 3
1218 1921 1563 1995 nonnullis
1582 1921 1841 2023 plurest

287 2018 710 2122 quibusdam
765 2018 975 2091 etiam
1032 2016 1279 2090 collata
1333 2018 1592 2133 smgula
1637 2050 1845 2095 num-

287 2148 582 2195 morum
640 2114 864 2191 millia
923 2126 995 2195 &
1054 2115 1304 2190 duceni
1356 2123 1847 2219 quinquageni.·

281 2216 574 2301 Partem
631 2214 854 2292 Caesar
895 2273 920 2306 ,
994 2242 1263 2319 partem
1322 2218 1560 2319 generi
1622 2219 1845 2292 distri-

285 2321 506 2399 buere
531 2378 553 2410 ,
593 2346 682 2395 ne
762 2345 840 2393 er
866 2317 1090 2435 plures
1123 2316 1271 2393 dies
1300 2348 1341 2392 a
1363 2327 1509 2419 jure
1536 2318 1843 2395 dicundo

281 2422 689 2505 abstineret:
767 2448 841 2495 ac
872 2438 958 2493 m·
977 2446 1050 2497 re
1073 2448 1454 2521 numquam
1480 2423 1839 2513 intentior,

282 2522 501 2623 quam
519 2522 689 2598 dum
711 2547 877 2594 uxor
897 2542 932 2609 ‚·
947 2519 1114 2595 dum
1141 2521 1367 2600 liberti
1388 2523 1623 2596 omnia
1638 2523 1799 2597 luxu
1812 2578 1839 2611 ,

211 2662 224 2669 ·
287 2622 583 2699 libidine
612 2680 636 2714 ‚
701 2618 950 2695 scelere
1009 2618 1403 2697 miscebant.
1476 2622 1618 2696 Sub
1673 2622 1839 2696 anni

283 2724 504 2799 finem
524 2724 716 2799 diem
734 2720 1195 2797 Saturnalibus
1217 2750 1256 2793 a
1270 2723 1449 2799 Caio
1472 2722 1785 2795 additum
1804 2774 1837 2817 ‚

283 2828 514 2929 postea
555 2821 876 2898 omissum
899 2879 920 2912 ,
974 2822 1281 2899 restituit.

393 2926 594 2999 XIX.
636 2926 860 2997 Num,
891 2921 1341 3001 memorabile
1370 2922 1443 2997 in
1470 2918 1835 3023 provinciis

285 3028 570 3127 gestum.
589 3023 846 3126 Cuspio
867 3025 1046 3099 Fado
1065 3083 1086 3114 ‚
1107 3026 1150 3102 J
1154 3024 1351 3101 udaeae
1371 3022 1829 3125 procuratori,

281 3124 610 3207 succeffox
659 3124 856 3207 datus
905 3128 999 3203 est
1035 3126 1355 3207 Tiberius
1393 3120 1831 3303 Allexander,

573 3276 582 3287 .
1434 3256 1437 3261 '
1543 3252 1608 3327 v,

1928 495 2065 572 τρε.

1916 583 1965 634 J.
2000 582 2067 636 c·

1942 671 2048 732 45·
