2294 3870
502 222 603 306 ’,4
727 200 815 277 C.
863 200 1415 272 Coniunx
1463 182 1842 272 Tacts-r

222 353 478 409 ,Ε
503 343 821 424 regnante
839 374 862 409 ,
878 316 999 417 qui
1018 313 1298 417 plebem
1365 315 1726 391 timoribus
1752 316 2042 397 tradidit

240 424 310 483 ›-
332 425 392 473 ὓ·
415 422 473 473 C·
504 451 583 499 ex
604 420 723 494 suo
753 416 912 493 usu:
942 443 1106 489 nam
1136 444 1273 517 pop
1348 418 1372 489 i
1402 418 1771 519 imperium
1795 476 1818 509 ‚
1850 426 2040 518 juxta

292 508 425 569 789.

284 594 337 649 J·
369 593 415 643 C

298 677 412 747 ‚3⁶-

499 523 885 599 libertatem
909 543 932 612 3
965 542 1343 630 Paucorum
1371 516 1758 593 dominatio
1779 576 1803 609 ,
1837 521 2040 624 regiae

501 620 771 698 libidini
814 642 1089 722 proptor
1136 617 1250 691 est.
1301 617 1495 691 Tum
1543 618 2036 697 adventantem
2157 650 2167 657 ·

497 720 856 799 Tiridaten
882 716 1218 792 extollunt
1241 776 1264 809 ,
1293 744 1606 794 veterum
1636 748 1881 823 regum
1915 722 2040 796 ho·-

492 820 775 899 notibus
794 876 817 910 ,
856 828 927 895 δι
960 846 1134 919 quos
1173 845 1404 894 recens
1449 844 1600 894 aetas
1641 819 1890 923 largfis
1928 823 2040 897 in·-

491 922 682 999 venit
713 952 734 996 ι
782 919 981 996 fimul
1019 918 1266 1022 probra
1302 921 1378 995 in
1402 920 1830 997 Artabanum
1874 919 2042 997 fun-

486 1022 751 1101 debant
782 1078 807 1114 ,
864 1056 908 1088 c
932 1019 1240 1096 materna
1295 1022 1563 1125 origine
1613 1020 1988 1098 Arsaciden
2008 1044 2044 1117 4·

486 1149 774 1203 »cetera
807 1122 1226 1227 degenerem
1242 1156 1317 1198 a.
1358 1123 1706 1200 Tiridates
1737 1150 1889 1199 rem
1907 1127 2042 1200 Se-

490 1223 882 1305 leucensem
922 1221 1178 1329 populo
1221 1225 1604 1329 permittit:
1657 1253 1821 1303 mox
1864 1248 2041 1300 vcow-

488 1324 745 1403 sultans
776 1386 801 1419 ‚
843 1360 886 1394 c
911 1355 1219 1429 quonam
1270 1326 1385 1403 die
1432 1324 1790 1405 sollemnia
1839 1326 2042 1430 regni

486 1462 539 1499 ω
551 1426 913 1533 capesseret
933 1458 1010 1525 ²³3
1032 1427 1254 1504 literas
1271 1430 1571 1505 Phraatis
1591 1440 1663 1504 &
1678 1429 1998 1505 Hieronis
2011 1484 2042 1519 ,

492 1531 617 1629 qui
655 1528 1081 1605 validissimas
1111 1525 1530 1630 praefetfihtras
1574 1529 1985 1605 obtinebant
2009 1586 2040 1619 ,

491 1628 737 1742 accipit
762 1682 785 1716 ,
817 1660 859 1691 ec
876 1628 1158 1702 brevem
1186 1653 1455 1699 moram
1473 1664 1516 1695 a»
1550 1632 1977 1731 precantium
2005 1686 2036 1720 ‚

490 1727 953 1831 placltumque
994 1759 1037 1791 α
1058 1726 1356 1826 opperiri
1400 1728 1580 1800 viros
1628 1730 2038 1830 praepollen-

486 1853 733 1903 antes».
782 1825 1016 1927 Atque
1046 1824 1328 1901 interim
1363 1825 1792 1931 Ctefiphon,
1837 1828 2038 1905 sedes

486 1927 763 2034 imperii
794 1985 821 2020 ,
876 1925 1139 2032 petitas
1206 1924 1326 2002 sed
1374 1927 1496 2003 ubi
1551 1928 1744 2006 diem
1787 1959 1872 2006 ex
1915 1930 2035 2006 die

486 2030 916 2136 prolatabant
939 2089 964 2121 ,
1014 2025 1247 2104 multis
1277 2056 1512 2104 coram
1538 2043 1611 2108 &
1648 2031 2036 2135 adproban-

489 2131 671 2209 tibits
696 2192 721 2225 ,
770 2135 1023 2209 Surena
1054 2131 1275 2233 patrio
1305 2158 1500 2206 more
1526 2133 1888 2206 Tiridaten
1927 2133 2034 2206 in·-

491 2233 667 2335 figni
702 2235 893 2330 regio
931 2231 1206 2305 evinxit.

478 2359 485 2366 ·
584 2331 847 2402 XLIII.
888 2328 999 2400 Ac
1030 2354 1092 2398 s1
1124 2350 1400 2397 ετΑτῐΜ
1428 2325 1753 2400 interiora
1778 2383 1801 2415 ,
1844 2355 2032 2406 cete-

488 2426 723 2540 rasqne
758 2426 1067 2498 nationes
1096 2420 1471 2526 petivisset,
1503 2424 1807 2541 oppressa
1830 2458 2030 2504 cunc·
2151 2449 2156 2456 ’

486 2551 784 2602 tantiam
829 2525 1167 2600 dubitatio
1197 2583 1220 2615 ,
1271 2535 1344 2601 &
1394 2553 1635 2600 omnes
1680 2555 1755 2600 m
1807 2558 2024 2604 unum

490 2626 859 2704 cedebant:
894 2625 1265 2704 adsidendo
1306 2626 1650 2703 castellum
1673 2686 1696 2719 ,
1733 2629 1806 2702 in
1838 2629 2028 2730 quod

492 2729 851 2833 pecuniam
886 2739 957 2804 &
996 2727 1270 2830 pellices
1295 2726 1679 2804 Artabanus
1723 2729 2026 2806 contule·

494 2855 598 2907 rat
624 2890 645 2921 ,
682 2831 875 2907 dedit
905 2828 1198 2931 spatium
1238 2829 1529 2902 exuendi
1565 2836 1777 2930 pasta.
1838 2833 2023 2905 Nam

496 2933 808 3006 Phraates
826 2988 848 3020 ,
873 2940 943 3004 &
961 2930 1176 3002 Hiero
1197 2985 1219 3016 ‚
1243 2936 1318 3002 &
1335 2927 1382 3000 si
1403 2929 1524 3028 qui
1545 2928 1662 3002 alii
1679 2930 2026 3008 deledkum

414 3095 425 3101 -
494 3029 827 3132 capiendo
855 3028 1228 3106 diademati
1261 3025 1453 3103 diem
1483 3030 1667 3104 haud
1707 3027 2024 3104 conceless-

494 3130 850 3210 braverant
871 3167 919 3225 ,·
942 3157 1092 3236 pars
1140 3154 1337 3207 metu
1353 3187 1382 3220 ,
1439 3131 1722 3233 quidam
1763 3129 2032 3237 invidis,
