<?xml version="1.0" encoding="UTF-8"?>
<!DOCTYPE html PUBLIC "-//W3C//DTD XHTML 1.0 Transitional//EN"
    "http://www.w3.org/TR/xhtml1/DTD/xhtml1-transitional.dtd">
<html xmlns="http://www.w3.org/1999/xhtml" xml:lang="en" lang="en">
 <head>
  <title>
</title>
<meta http-equiv="Content-Type" content="text/html;charset=utf-8" />
  <meta name='ocr-system' content='tesseract 3.04.00' />
  <meta name='ocr-capabilities' content='ocr_page ocr_carea ocr_par ocr_line ocrx_word'/>
</head>
<body>
  <div class='ocr_page' id='page_1' title='image "./operasupplement06tacigoog_0220.png"; bbox 0 0 2294 3870; ppageno 0'>
   <div class='ocr_carea' id='block_1_1' title="bbox 453 208 1645 288">
    <p class='ocr_par' dir='ltr' id='par_1_1' title="bbox 453 208 1645 288">
     <span class='ocr_line' id='line_1_1' title="bbox 453 208 1645 288; baseline -0.005 0"><span class='ocrx_word' id='word_1_1' title='bbox 453 235 600 288; x_wconf 79' lang='lat'>210</span> <span class='ocrx_word' id='word_1_2' title='bbox 733 208 1645 282; x_wconf 67' lang='lat' dir='ltr'>.8urrtnuzn·rtur</span> 
     </span>
    </p>
   </div>
   <div class='ocr_carea' id='block_1_2' title="bbox 454 330 1987 430">
    <p class='ocr_par' dir='ltr' id='par_1_2' title="bbox 191 330 1987 430">
     <span class='ocr_line' id='line_1_2' title="bbox 454 330 1987 430; baseline -0.002 -20.439"><span class='ocrx_word' id='word_1_3' title='bbox 454 330 793 406; x_wconf 87' lang='lat' dir='ltr'>bellorum</span> <span class='ocrx_word' id='word_1_4' title='bbox 819 356 902 404; x_wconf 85' lang='lat' dir='ltr'>ex</span> <span class='ocrx_word' id='word_1_5' title='bbox 949 357 1052 404; x_wconf 86' lang='lat' dir='ltr'>ets</span> <span class='ocrx_word' id='word_1_6' title='bbox 1071 387 1096 420; x_wconf 91' lang='lat'><strong>,</strong></span> <span class='ocrx_word' id='word_1_7' title='bbox 1121 331 1217 404; x_wconf 89' lang='lat' dir='ltr'>ob</span> <span class='ocrx_word' id='word_1_8' title='bbox 1242 356 1605 430; x_wconf 83' lang='lat' dir='ltr'>utramque</span> <span class='ocrx_word' id='word_1_9' title='bbox 1628 330 1987 407; x_wconf 62' lang='lat' dir='ltr'>viantiam</span> 
     </span>
    </p>
   </div>
   <div class='ocr_carea' id='block_1_3' title="bbox 199 427 437 484">
    <p class='ocr_par' dir='ltr' id='par_1_3' title="bbox 199 427 437 484">
     <span class='ocr_line' id='line_1_3' title="bbox 199 427 437 484; baseline -0.034 0"><span class='ocrx_word' id='word_1_10' title='bbox 199 427 267 484; x_wconf 66' lang='lat' dir='ltr'>A.</span> <span class='ocrx_word' id='word_1_11' title='bbox 289 427 352 476; x_wconf 84' lang='lat' dir='ltr'>U.</span> <span class='ocrx_word' id='word_1_12' title='bbox 375 427 437 478; x_wconf 86' lang='lat' dir='ltr'>C.</span> 
     </span>
    </p>
   </div>
   <div class='ocr_carea' id='block_1_4' title="bbox 245 523 392 654">
    <p class='ocr_par' dir='ltr' id='par_1_4' title="bbox 245 523 392 654">
     <span class='ocr_line' id='line_1_4' title="bbox 247 523 392 576; baseline 0.014 -4"><span class='ocrx_word' id='word_1_13' title='bbox 247 523 392 576; x_wconf 77' lang='lat'>794·</span> 
     </span>
     <span class='ocr_line' id='line_1_5' title="bbox 245 599 390 654; baseline -0.034 0"><span class='ocrx_word' id='word_1_14' title='bbox 245 599 293 654; x_wconf 79' lang='lat' dir='ltr'>J.</span> <span class='ocrx_word' id='word_1_15' title='bbox 329 600 390 650; x_wconf 88' lang='lat' dir='ltr'>C.</span> 
     </span>
    </p>
   </div>
   <div class='ocr_carea' id='block_1_5' title="bbox 271 694 428 774">
    <p class='ocr_par' dir='ltr' id='par_1_5' title="bbox 271 694 428 774">
     <span class='ocr_line' id='line_1_6' title="bbox 271 694 428 774; baseline 0.038 -40"><span class='ocrx_word' id='word_1_16' title='bbox 271 694 373 748; x_wconf 67' lang='lat'>410</span> <span class='ocrx_word' id='word_1_17' title='bbox 409 761 428 774; x_wconf 38' lang='grc' dir='ltr'><em>ι</em></span> 
     </span>
    </p>
   </div>
   <div class='ocr_carea' id='block_1_6' title="bbox 445 428 1993 1010">
    <p class='ocr_par' dir='ltr' id='par_1_6' title="bbox 445 428 1993 1010">
     <span class='ocr_line' id='line_1_7' title="bbox 455 428 1991 532; baseline 0 -26"><span class='ocrx_word' id='word_1_18' title='bbox 455 437 819 530; x_wconf 82' lang='lat' dir='ltr'><strong><em>Imperator</em></strong></span> <span class='ocrx_word' id='word_1_19' title='bbox 841 428 908 502; x_wconf 85' lang='lat' dir='ltr'>sa</span> <span class='ocrx_word' id='word_1_20' title='bbox 936 455 1157 506; x_wconf 89' lang='lat' dir='ltr'>utatus</span> <span class='ocrx_word' id='word_1_21' title='bbox 1183 434 1297 505; x_wconf 75' lang='lat' dir='ltr'>est.</span> <span class='ocrx_word' id='word_1_22' title='bbox 1352 430 1618 505; x_wconf 85' lang='lat' dir='ltr'>Liberti</span> <span class='ocrx_word' id='word_1_23' title='bbox 1642 488 1667 520; x_wconf 91' lang='lat'><strong>,</strong></span> <span class='ocrx_word' id='word_1_24' title='bbox 1708 434 1991 532; x_wconf 75' lang='lat' dir='ltr'>exquili-</span> 
     </span>
     <span class='ocr_line' id='line_1_8' title="bbox 455 530 1987 630; baseline 0 -23"><span class='ocrx_word' id='word_1_25' title='bbox 455 534 628 607; x_wconf 85' lang='lat' dir='ltr'>tiore</span> <span class='ocrx_word' id='word_1_26' title='bbox 667 530 1055 606; x_wconf 83' lang='lat' dir='ltr'>adulatione</span> <span class='ocrx_word' id='word_1_27' title='bbox 1083 589 1105 620; x_wconf 90' lang='lat'><strong>,</strong></span> <span class='ocrx_word' id='word_1_28' title='bbox 1154 531 1229 602; x_wconf 92' lang='lat' dir='ltr'>in</span> <span class='ocrx_word' id='word_1_29' title='bbox 1257 540 1396 630; x_wconf 87' lang='lat' dir='ltr'>ejus</span> <span class='ocrx_word' id='word_1_30' title='bbox 1424 530 1703 606; x_wconf 87' lang='lat' dir='ltr'>laudem</span> <span class='ocrx_word' id='word_1_31' title='bbox 1732 559 1987 608; x_wconf 81' lang='lat' dir='ltr'>traxere</span> 
     </span>
     <span class='ocr_line' id='line_1_9' title="bbox 453 631 1989 735; baseline -0.001 -28"><span class='ocrx_word' id='word_1_32' title='bbox 453 632 697 735; x_wconf 86' lang='lat' dir='ltr'>sopitas</span> <span class='ocrx_word' id='word_1_33' title='bbox 739 633 816 704; x_wconf 92' lang='lat' dir='ltr'>in</span> <span class='ocrx_word' id='word_1_34' title='bbox 856 631 1291 706; x_wconf 60' lang='lat' dir='ltr'>Mauretania</span> <span class='ocrx_word' id='word_1_35' title='bbox 1337 631 1565 704; x_wconf 80' lang='lat' dir='ltr'>turbas</span> <span class='ocrx_word' id='word_1_36' title='bbox 1590 689 1613 720; x_wconf 89' lang='lat'>‚</span> <span class='ocrx_word' id='word_1_37' title='bbox 1664 661 1813 732; x_wconf 83' lang='lat' dir='ltr'>quae</span> <span class='ocrx_word' id='word_1_38' title='bbox 1847 643 1989 733; x_wconf 85' lang='lat' dir='ltr'>jam</span> 
     </span>
     <span class='ocr_line' id='line_1_10' title="bbox 449 729 1989 827; baseline -0.001 -20"><span class='ocrx_word' id='word_1_39' title='bbox 449 759 608 808; x_wconf 82' lang='lat' dir='ltr'>ante</span> <span class='ocrx_word' id='word_1_40' title='bbox 639 733 800 806; x_wconf 89' lang='lat' dir='ltr'>Caii</span> <span class='ocrx_word' id='word_1_41' title='bbox 827 733 1084 804; x_wconf 82' lang='lat' dir='ltr'>caedem</span> <span class='ocrx_word' id='word_1_42' title='bbox 1110 729 1491 827; x_wconf 75' lang='lat' dir='ltr'>defietant3</span> <span class='ocrx_word' id='word_1_43' title='bbox 1540 742 1614 806; x_wconf 90' lang='lat'>&amp;</span> <span class='ocrx_word' id='word_1_44' title='bbox 1636 759 1717 805; x_wconf 90' lang='lat' dir='ltr'>ut</span> <span class='ocrx_word' id='word_1_45' title='bbox 1744 735 1989 806; x_wconf 86' lang='lat' dir='ltr'>trium-</span> 
     </span>
     <span class='ocr_line' id='line_1_11' title="bbox 445 832 1993 937; baseline 0 -31"><span class='ocrx_word' id='word_1_46' title='bbox 445 832 674 937; x_wconf 82' lang='lat' dir='ltr'>phalia</span> <span class='ocrx_word' id='word_1_47' title='bbox 731 856 1136 908; x_wconf 87' lang='lat' dir='ltr'>ornamenta</span> <span class='ocrx_word' id='word_1_48' title='bbox 1189 833 1283 905; x_wconf 89' lang='lat' dir='ltr'>ob</span> <span class='ocrx_word' id='word_1_49' title='bbox 1334 833 1419 904; x_wconf 82' lang='lat' dir='ltr'>id·</span> <span class='ocrx_word' id='word_1_50' title='bbox 1460 833 1797 936; x_wconf 85' lang='lat' dir='ltr'>acciperet</span> <span class='ocrx_word' id='word_1_51' title='bbox 1842 862 1993 937; x_wconf 79' lang='lat' dir='ltr'>pet-</span> 
     </span>
     <span class='ocr_line' id='line_1_12' title="bbox 447 933 728 1010; baseline -0.007 0"><span class='ocrx_word' id='word_1_52' title='bbox 447 933 728 1010; x_wconf 79' lang='lat' dir='ltr'>suasere.</span> 
     </span>
    </p>
   </div>
   <div class='ocr_carea' id='block_1_7' title="bbox 445 1031 2007 3243">
    <p class='ocr_par' dir='ltr' id='par_1_7' title="bbox 445 1031 2007 2436">
     <span class='ocr_line' id='line_1_13' title="bbox 559 1031 1993 1110; baseline -0.003 0"><span class='ocrx_word' id='word_1_53' title='bbox 559 1035 830 1110; x_wconf 89' lang='lat' dir='ltr'>XXIV.</span> <span class='ocrx_word' id='word_1_54' title='bbox 858 1032 971 1107; x_wconf 72' lang='lat' dir='ltr'>Ar</span> <span class='ocrx_word' id='word_1_55' title='bbox 997 1031 1291 1106; x_wconf 86' lang='lat' dir='ltr'>foediora</span> <span class='ocrx_word' id='word_1_56' title='bbox 1314 1031 1773 1106; x_wconf 85' lang='lat' dir='ltr'>meditabatur</span> <span class='ocrx_word' id='word_1_57' title='bbox 1796 1031 1993 1106; x_wconf 85' lang='lat' dir='ltr'>Mes-</span> 
     </span>
     <span class='ocr_line' id='line_1_14' title="bbox 447 1133 1994 1225; baseline -0.001 -17"><span class='ocrx_word' id='word_1_58' title='bbox 447 1135 678 1209; x_wconf 84' lang='lat' dir='ltr'>salina.</span> <span class='ocrx_word' id='word_1_59' title='bbox 721 1135 759 1213; x_wconf 86' lang='lat' dir='ltr'>J</span> <span class='ocrx_word' id='word_1_60' title='bbox 768 1133 976 1208; x_wconf 87' lang='lat' dir='ltr'>uliam</span> <span class='ocrx_word' id='word_1_61' title='bbox 996 1191 1018 1224; x_wconf 90' lang='lat'>‚</span> <span class='ocrx_word' id='word_1_62' title='bbox 1067 1133 1293 1207; x_wconf 66' lang='lat' dir='ltr'>forma</span> <span class='ocrx_word' id='word_1_63' title='bbox 1318 1191 1341 1225; x_wconf 88' lang='lat'><strong>,</strong></span> <span class='ocrx_word' id='word_1_64' title='bbox 1389 1133 1748 1207; x_wconf 86' lang='lat' dir='ltr'>nobilitate</span> <span class='ocrx_word' id='word_1_65' title='bbox 1771 1190 1793 1223; x_wconf 89' lang='lat'><strong>,</strong></span> <span class='ocrx_word' id='word_1_66' title='bbox 1832 1161 1994 1206; x_wconf 86' lang='lat' dir='ltr'>cum</span> 
     </span>
     <span class='ocr_line' id='line_1_15' title="bbox 447 1233 1997 1338; baseline -0.004 -26"><span class='ocrx_word' id='word_1_67' title='bbox 447 1236 750 1312; x_wconf 88' lang='lat' dir='ltr'>Claudio</span> <span class='ocrx_word' id='word_1_68' title='bbox 787 1234 1267 1310; x_wconf 86' lang='lat' dir='ltr'>neceffitudine</span> <span class='ocrx_word' id='word_1_69' title='bbox 1302 1233 1805 1338; x_wconf 69' lang='lat' dir='ltr'>praecellentem</span> <span class='ocrx_word' id='word_1_70' title='bbox 1844 1261 1997 1308; x_wconf 81' lang='lat' dir='ltr'>exo-</span> 
     </span>
     <span class='ocr_line' id='line_1_16' title="bbox 447 1333 1998 1436; baseline -0.004 -25"><span class='ocrx_word' id='word_1_71' title='bbox 447 1335 518 1411; x_wconf 78' lang='lat' dir='ltr'>sa</span> <span class='ocrx_word' id='word_1_72' title='bbox 541 1395 562 1427; x_wconf 90' lang='lat'>‚</span> <span class='ocrx_word' id='word_1_73' title='bbox 607 1333 911 1411; x_wconf 87' lang='lat' dir='ltr'>ferocem</span> <span class='ocrx_word' id='word_1_74' title='bbox 950 1341 1090 1435; x_wconf 85' lang='lat' dir='ltr'>ejus</span> <span class='ocrx_word' id='word_1_75' title='bbox 1127 1337 1440 1410; x_wconf 88' lang='lat' dir='ltr'>animum</span> <span class='ocrx_word' id='word_1_76' title='bbox 1464 1393 1487 1425; x_wconf 88' lang='lat'>‚</span> <span class='ocrx_word' id='word_1_77' title='bbox 1534 1346 1608 1410; x_wconf 87' lang='lat'>&amp;</span> <span class='ocrx_word' id='word_1_78' title='bbox 1646 1334 1735 1408; x_wconf 88' lang='lat' dir='ltr'>ad</span> <span class='ocrx_word' id='word_1_79' title='bbox 1775 1335 1998 1436; x_wconf 87' lang='lat' dir='ltr'>impe-</span> 
     </span>
     <span class='ocr_line' id='line_1_17' title="bbox 447 1433 1995 1536; baseline -0.003 -25"><span class='ocrx_word' id='word_1_80' title='bbox 447 1438 656 1511; x_wconf 82' lang='lat' dir='ltr'>rantis</span> <span class='ocrx_word' id='word_1_81' title='bbox 701 1435 985 1510; x_wconf 85' lang='lat' dir='ltr'>fortunae</span> <span class='ocrx_word' id='word_1_82' title='bbox 1034 1435 1359 1536; x_wconf 84' lang='lat' dir='ltr'>obsequia</span> <span class='ocrx_word' id='word_1_83' title='bbox 1396 1437 1577 1508; x_wconf 64' lang='lat' dir='ltr'>fle&amp;</span> <span class='ocrx_word' id='word_1_84' title='bbox 1638 1433 1943 1509; x_wconf 87' lang='lat' dir='ltr'>nescium</span> <span class='ocrx_word' id='word_1_85' title='bbox 1966 1491 1995 1524; x_wconf 84' lang='lat'>‚</span> 
     </span>
     <span class='ocr_line' id='line_1_18' title="bbox 445 1532 2001 1637; baseline -0.003 -27"><span class='ocrx_word' id='word_1_86' title='bbox 445 1536 912 1637; x_wconf 66' lang='lat' dir='ltr'>impatientifis</span> <span class='ocrx_word' id='word_1_87' title='bbox 957 1532 1240 1607; x_wconf 87' lang='lat' dir='ltr'>ferebat.</span> <span class='ocrx_word' id='word_1_88' title='bbox 1312 1534 1622 1607; x_wconf 66' lang='lat' dir='ltr'>Primum</span> <span class='ocrx_word' id='word_1_89' title='bbox 1668 1535 2001 1608; x_wconf 88' lang='lat' dir='ltr'>muliebri</span> 
     </span>
     <span class='ocr_line' id='line_1_19' title="bbox 445 1633 2003 1733; baseline -0.002 -24"><span class='ocrx_word' id='word_1_90' title='bbox 445 1634 877 1710; x_wconf 82' lang='lat' dir='ltr'>aemulatione</span> <span class='ocrx_word' id='word_1_91' title='bbox 903 1657 1242 1706; x_wconf 83' lang='lat' dir='ltr'>certavere</span> <span class='ocrx_word' id='word_1_92' title='bbox 1268 1687 1290 1720; x_wconf 89' lang='lat'><strong>,</strong></span> <span class='ocrx_word' id='word_1_93' title='bbox 1338 1657 1501 1703; x_wconf 83' lang='lat' dir='ltr'>mox</span> <span class='ocrx_word' id='word_1_94' title='bbox 1524 1688 1547 1720; x_wconf 89' lang='lat'>‚</span> <span class='ocrx_word' id='word_1_95' title='bbox 1596 1659 1801 1733; x_wconf 84' lang='lat' dir='ltr'>prout</span> <span class='ocrx_word' id='word_1_96' title='bbox 1835 1633 2003 1722; x_wconf 68' lang='lat' dir='ltr'>soli-</span> 
     </span>
     <span class='ocr_line' id='line_1_20' title="bbox 451 1730 2007 1833; baseline -0.002 -25"><span class='ocrx_word' id='word_1_97' title='bbox 451 1758 602 1808; x_wconf 89' lang='lat' dir='ltr'>tum</span> <span class='ocrx_word' id='word_1_98' title='bbox 632 1789 654 1821; x_wconf 92' lang='lat'>,</span> <span class='ocrx_word' id='word_1_99' title='bbox 712 1733 878 1806; x_wconf 85' lang='lat' dir='ltr'>vicit</span> <span class='ocrx_word' id='word_1_100' title='bbox 908 1731 1234 1833; x_wconf 82' lang='lat' dir='ltr'>potentia.</span> <span class='ocrx_word' id='word_1_101' title='bbox 1282 1730 1599 1831; x_wconf 84' lang='lat' dir='ltr'>Juliaque</span> <span class='ocrx_word' id='word_1_102' title='bbox 1630 1733 1831 1804; x_wconf 87' lang='lat' dir='ltr'>variis</span> <span class='ocrx_word' id='word_1_103' title='bbox 1865 1733 2007 1805; x_wconf 86' lang='lat' dir='ltr'>cri-</span> 
     </span>
     <span class='ocr_line' id='line_1_21' title="bbox 451 1827 2005 1931; baseline 0.001 -23"><span class='ocrx_word' id='word_1_104' title='bbox 451 1832 751 1908; x_wconf 87' lang='lat' dir='ltr'>minibus</span> <span class='ocrx_word' id='word_1_105' title='bbox 787 1857 989 1931; x_wconf 86' lang='lat' dir='ltr'>atque</span> <span class='ocrx_word' id='word_1_106' title='bbox 1027 1832 1241 1906; x_wconf 88' lang='lat' dir='ltr'>etiam</span> <span class='ocrx_word' id='word_1_107' title='bbox 1279 1831 1626 1905; x_wconf 82' lang='lat' dir='ltr'>adulteriis</span> <span class='ocrx_word' id='word_1_108' title='bbox 1660 1827 2005 1909; x_wconf 82' lang='lat' dir='ltr'>infamata</span> 
     </span>
     <span class='ocr_line' id='line_1_22' title="bbox 449 1930 2001 2035; baseline -0.001 -25"><span class='ocrx_word' id='word_1_109' title='bbox 449 1933 668 2035; x_wconf 85' lang='lat' dir='ltr'>magis</span> <span class='ocrx_word' id='word_1_110' title='bbox 689 1990 711 2024; x_wconf 89' lang='lat'>‚</span> <span class='ocrx_word' id='word_1_111' title='bbox 737 1933 948 2033; x_wconf 67' lang='lat' dir='ltr'>quam</span> <span class='ocrx_word' id='word_1_112' title='bbox 969 1933 1314 2023; x_wconf 63' lang='lat' dir='ltr'>convieta,</span> <span class='ocrx_word' id='word_1_113' title='bbox 1340 1930 1559 2005; x_wconf 86' lang='lat' dir='ltr'>rursus</span> <span class='ocrx_word' id='word_1_114' title='bbox 1582 1932 1657 2005; x_wconf 90' lang='lat' dir='ltr'>in</span> <span class='ocrx_word' id='word_1_115' title='bbox 1682 1931 2001 2009; x_wconf 82' lang='lat' dir='ltr'>exfilium</span> 
     </span>
     <span class='ocr_line' id='line_1_23' title="bbox 449 2033 2005 2138; baseline 0.001 -31"><span class='ocrx_word' id='word_1_116' title='bbox 449 2039 748 2138; x_wconf 73' lang='lat' dir='ltr'>proje&amp;a</span> <span class='ocrx_word' id='word_1_117' title='bbox 777 2036 890 2109; x_wconf 83' lang='lat' dir='ltr'>est.</span> <span class='ocrx_word' id='word_1_118' title='bbox 958 2034 1257 2108; x_wconf 76' lang='lat' dir='ltr'>Amiaeus</span> <span class='ocrx_word' id='word_1_119' title='bbox 1284 2036 1540 2107; x_wconf 86' lang='lat' dir='ltr'>Seneca</span> <span class='ocrx_word' id='word_1_120' title='bbox 1564 2089 1587 2121; x_wconf 90' lang='lat'>‚</span> <span class='ocrx_word' id='word_1_121' title='bbox 1638 2033 2005 2109; x_wconf 82' lang='lat' dir='ltr'>adulterio-</span> 
     </span>
     <span class='ocr_line' id='line_1_24' title="bbox 450 2130 2003 2223; baseline -0.001 -14"><span class='ocrx_word' id='word_1_122' title='bbox 450 2162 604 2209; x_wconf 87' lang='lat' dir='ltr'>tum</span> <span class='ocrx_word' id='word_1_123' title='bbox 649 2132 954 2209; x_wconf 85' lang='lat' dir='ltr'>societati</span> <span class='ocrx_word' id='word_1_124' title='bbox 997 2134 1283 2207; x_wconf 83' lang='lat' dir='ltr'>innexus</span> <span class='ocrx_word' id='word_1_125' title='bbox 1304 2190 1327 2223; x_wconf 87' lang='lat'>,</span> <span class='ocrx_word' id='word_1_126' title='bbox 1380 2134 1457 2206; x_wconf 90' lang='lat' dir='ltr'>in</span> <span class='ocrx_word' id='word_1_127' title='bbox 1498 2130 1787 2207; x_wconf 83' lang='lat' dir='ltr'>insulam</span> <span class='ocrx_word' id='word_1_128' title='bbox 1818 2139 2003 2209; x_wconf 87' lang='lat' dir='ltr'>Cor-</span> 
     </span>
     <span class='ocr_line' id='line_1_25' title="bbox 454 2230 1998 2335; baseline -0.001 -25"><span class='ocrx_word' id='word_1_129' title='bbox 454 2234 656 2310; x_wconf 84' lang='lat' dir='ltr'>ficam</span> <span class='ocrx_word' id='word_1_130' title='bbox 687 2235 1070 2335; x_wconf 84' lang='lat' dir='ltr'>relegatur:</span> <span class='ocrx_word' id='word_1_131' title='bbox 1123 2232 1193 2306; x_wconf 88' lang='lat' dir='ltr'>sa</span> <span class='ocrx_word' id='word_1_132' title='bbox 1240 2234 1463 2306; x_wconf 85' lang='lat' dir='ltr'>ientiae</span> <span class='ocrx_word' id='word_1_133' title='bbox 1512 2230 1745 2322; x_wconf 65' lang='lat' dir='ltr'>fama,</span> <span class='ocrx_word' id='word_1_134' title='bbox 1798 2234 1998 2315; x_wconf 68' lang='lat' dir='ltr'>Julian</span> 
     </span>
     <span class='ocr_line' id='line_1_26' title="bbox 455 2262 1997 2436; baseline -0.001 -27"><span class='ocrx_word' id='word_1_135' title='bbox 455 2332 763 2436; x_wconf 66' lang='lat' dir='ltr'>superbia</span> <span class='ocrx_word' id='word_1_136' title='bbox 791 2332 990 2407; x_wconf 71' lang='lat' dir='ltr'>facile</span> <span class='ocrx_word' id='word_1_137' title='bbox 1016 2262 1424 2406; x_wconf 51' lang='lat' dir='ltr'>exculgndus</span> <span class='ocrx_word' id='word_1_138' title='bbox 1455 2387 1478 2420; x_wconf 93' lang='lat'><strong>,</strong></span> <span class='ocrx_word' id='word_1_139' title='bbox 1527 2331 1651 2404; x_wconf 83' lang='lat' dir='ltr'>nifi</span> <span class='ocrx_word' id='word_1_140' title='bbox 1702 2335 1843 2435; x_wconf 88' lang='lat' dir='ltr'>ipse</span> <span class='ocrx_word' id='word_1_141' title='bbox 1884 2338 1997 2409; x_wconf 87' lang='lat' dir='ltr'>in·-</span> 
     </span>
    </p>

    <p class='ocr_par' dir='ltr' id='par_1_8' title="bbox 447 2430 1997 2710">
     <span class='ocr_line' id='line_1_27' title="bbox 499 2430 1997 2533; baseline 0.001 -25"><span class='ocrx_word' id='word_1_142' title='bbox 499 2431 934 2508; x_wconf 87' lang='lat' dir='ltr'>eniofioribus</span> <span class='ocrx_word' id='word_1_143' title='bbox 977 2430 1233 2533; x_wconf 86' lang='lat' dir='ltr'>scriptis</span> <span class='ocrx_word' id='word_1_144' title='bbox 1264 2487 1287 2521; x_wconf 89' lang='lat'><strong>,</strong></span> <span class='ocrx_word' id='word_1_145' title='bbox 1339 2430 1731 2507; x_wconf 84' lang='lat' dir='ltr'>adulatoriis</span> <span class='ocrx_word' id='word_1_146' title='bbox 1826 2436 1997 2510; x_wconf 86' lang='lat' dir='ltr'>taeci·</span> 
     </span>
     <span class='ocr_line' id='line_1_28' title="bbox 447 2465 1991 2624; baseline 0.003 -17"><span class='ocrx_word' id='word_1_147' title='bbox 447 2465 574 2609; x_wconf 55' lang='lat' dir='ltr'>{us</span> <span class='ocrx_word' id='word_1_148' title='bbox 600 2589 622 2622; x_wconf 89' lang='lat'>‚</span> <span class='ocrx_word' id='word_1_149' title='bbox 671 2531 1106 2609; x_wconf 83' lang='lat' dir='ltr'>amarulentis</span> <span class='ocrx_word' id='word_1_150' title='bbox 1143 2532 1443 2607; x_wconf 72' lang='lat' dir='ltr'>di&amp;eriis</span> <span class='ocrx_word' id='word_1_151' title='bbox 1461 2590 1485 2624; x_wconf 93' lang='lat'><strong>,</strong></span> <span class='ocrx_word' id='word_1_152' title='bbox 1525 2531 1747 2611; x_wconf 87' lang='lat' dir='ltr'>ferme</span> <span class='ocrx_word' id='word_1_153' title='bbox 1824 2541 1991 2615; x_wconf 87' lang='lat' dir='ltr'>dem</span> 
     </span>
     <span class='ocr_line' id='line_1_29' title="bbox 447 2631 1359 2710; baseline 0 -1"><span class='ocrx_word' id='word_1_154' title='bbox 447 2633 1046 2709; x_wconf 84' lang='lat' dir='ltr'>criminationibus</span> <span class='ocrx_word' id='word_1_155' title='bbox 1079 2631 1359 2710; x_wconf 84' lang='lat' dir='ltr'>feciffet.</span> 
     </span>
    </p>

    <p class='ocr_par' dir='ltr' id='par_1_9' title="bbox 445 2734 1997 3243">
     <span class='ocr_line' id='line_1_30' title="bbox 545 2734 1991 2825; baseline 0.001 -16"><span class='ocrx_word' id='word_1_156' title='bbox 545 2734 780 2811; x_wconf 90' lang='lat' dir='ltr'>XXV.</span> <span class='ocrx_word' id='word_1_157' title='bbox 835 2738 1065 2808; x_wconf 68' lang='lat' dir='ltr'>Imm</span> <span class='ocrx_word' id='word_1_158' title='bbox 1112 2736 1250 2808; x_wconf 84' lang='lat' dir='ltr'>haec</span> <span class='ocrx_word' id='word_1_159' title='bbox 1298 2734 1561 2809; x_wconf 87' lang='lat' dir='ltr'>diffidia</span> <span class='ocrx_word' id='word_1_160' title='bbox 1586 2792 1609 2825; x_wconf 92' lang='lat'>‚</span> <span class='ocrx_word' id='word_1_161' title='bbox 1658 2735 1991 2810; x_wconf 84' lang='lat' dir='ltr'>Claudius</span> 
     </span>
     <span class='ocr_line' id='line_1_31' title="bbox 445 2834 1991 2937; baseline 0 -28"><span class='ocrx_word' id='word_1_162' title='bbox 445 2834 616 2909; x_wconf 82' lang='lat' dir='ltr'>filias</span> <span class='ocrx_word' id='word_1_163' title='bbox 629 2834 796 2927; x_wconf 58' lang='lat' dir='ltr'>suas„</span> <span class='ocrx_word' id='word_1_164' title='bbox 818 2835 1201 2910; x_wconf 86' lang='lat' dir='ltr'>Antoniam</span> <span class='ocrx_word' id='word_1_165' title='bbox 1217 2838 1354 2909; x_wconf 91' lang='lat' dir='ltr'>Cn.</span> <span class='ocrx_word' id='word_1_166' title='bbox 1373 2836 1705 2937; x_wconf 89' lang='lat' dir='ltr'>Pompeio</span> <span class='ocrx_word' id='word_1_167' title='bbox 1716 2838 1849 2911; x_wconf 90' lang='lat' dir='ltr'>Ma</span> <span class='ocrx_word' id='word_1_168' title='bbox 1942 2864 1991 2909; x_wconf 91' lang='lat' dir='ltr'>o</span> 
     </span>
     <span class='ocr_line' id='line_1_32' title="bbox 446 2935 1992 3028; baseline 0.001 -21"><span class='ocrx_word' id='word_1_169' title='bbox 446 2937 730 3012; x_wconf 78' lang='lat' dir='ltr'>tradidit</span> <span class='ocrx_word' id='word_1_170' title='bbox 756 2995 779 3028; x_wconf 88' lang='lat'>,</span> <span class='ocrx_word' id='word_1_171' title='bbox 819 2937 1185 3009; x_wconf 72' lang='lat' dir='ltr'>OCtaviam</span> <span class='ocrx_word' id='word_1_172' title='bbox 1229 2939 1311 3009; x_wconf 88' lang='lat' dir='ltr'>L.</span> <span class='ocrx_word' id='word_1_173' title='bbox 1331 2936 1537 3013; x_wconf 86' lang='lat' dir='ltr'>Junio</span> <span class='ocrx_word' id='word_1_174' title='bbox 1571 2936 1801 3010; x_wconf 90' lang='lat' dir='ltr'>Silano</span> <span class='ocrx_word' id='word_1_175' title='bbox 1886 2935 1992 3011; x_wconf 73' lang='lat' dir='ltr'>es-</span> 
     </span>
     <span class='ocr_line' id='line_1_33' title="bbox 449 3034 1996 3152; baseline 0.001 -43"><span class='ocrx_word' id='word_1_176' title='bbox 449 3038 699 3136; x_wconf 84' lang='lat' dir='ltr'>pondit</span> <span class='ocrx_word' id='word_1_177' title='bbox 730 3096 753 3129; x_wconf 88' lang='lat'>,</span> <span class='ocrx_word' id='word_1_178' title='bbox 809 3034 1048 3139; x_wconf 62' lang='lat' dir='ltr'>exigua</span> <span class='ocrx_word' id='word_1_179' title='bbox 1109 3035 1407 3113; x_wconf 79' lang='lat' dir='ltr'>maritali</span> <span class='ocrx_word' id='word_1_180' title='bbox 1464 3035 1719 3152; x_wconf 56' lang='lat' dir='ltr'>pompa</span> <span class='ocrx_word' id='word_1_181' title='bbox 1758 3093 1781 3125; x_wconf 90' lang='lat'>‚</span> <span class='ocrx_word' id='word_1_182' title='bbox 1843 3039 1996 3138; x_wconf 74' lang='lat' dir='ltr'>post</span> 
     </span>
     <span class='ocr_line' id='line_1_34' title="bbox 449 3135 1997 3243; baseline 0.004 -30"><span class='ocrx_word' id='word_1_183' title='bbox 449 3135 730 3213; x_wconf 72' lang='lat' dir='ltr'>tristiore</span> <span class='ocrx_word' id='word_1_184' title='bbox 756 3139 959 3215; x_wconf 82' lang='lat' dir='ltr'>exitu.</span> <span class='ocrx_word' id='word_1_185' title='bbox 1009 3139 1321 3214; x_wconf 88' lang='lat' dir='ltr'>Genetos</span> <span class='ocrx_word' id='word_1_186' title='bbox 1347 3137 1813 3243; x_wconf 80' lang='lat' dir='ltr'>vigmtiviratu</span> <span class='ocrx_word' id='word_1_187' title='bbox 1838 3162 1997 3219; x_wconf 78' lang='lat' dir='ltr'>tan-</span> 
     </span>
    </p>
   </div>
  </div>
 </body>
</html>
