2294 3870
581 238 1156 299 'ANNALHJM
1223 218 1550 290 Nora.
1702 247 1838 312 309

389 330 742 416 Testamenta
787 334 1235 411 primipilarium.
1289 335 1371 395 Iti
1428 332 1729 396 Suetonius
1782 340 1847 397 in

308 412 466 475 Caio
493 460 509 487 ,
552 412 699 495 Cap.
745 418 837 492 38.
895 414 973 475 At
1005 437 1124 475 non
1162 411 1333 473 modo
1419 416 1802 495 rimipilarium
1830 461 1850 493 ‚

319 494 419 572 qui
442 495 710 573 praecipui
736 510 888 553 erant
914 497 1262 553 centuriones
1286 540 1303 566 ,
1338 493 1435 553 -ed
1462 497 1849 555 centurionum

319 576 576 631 omnium
601 617 619 646 ,
673 570 713 630 fi
753 570 884 631 fides
928 572 1184 633 habenda
1226 571 1445 648 Dioni,
1468 564 1623 635 ibid.
1677 574 1849 640 Caius

323 651 646 710 testamenta
681 648 913 711 rescidit.

402 731 461 789 A
486 728 808 793 Germanici
830 728 1117 803 triumpho,
1152 728 1237 788 Ita
1258 728 1486 791 totidem
1503 730 1679 793 verbis
1696 730 1815 791 Dio

321 806 458 869 ibid.
503 806 674 868 Haud
716 811 794 869 ita
836 806 1196 890 probabiliter
1231 808 1523 871 Suetonius
1555 856 1573 885 ,
1617 808 1751 869 ibid.
1774 775 1848 869 αὖ

319 884 483 947 initio
502 886 855 962 principatfis
880 885 1114 961 Tiberii.
1152 883 1518 949 Germanicus
1531 934 1550 963 ‚
1577 887 1704 949 Caii
1726 887 1849 949 Ca—

318 965 504 1047 ligulae
531 985 687 1045 pater
706 1010 722 1038 ,
759 956 828 1024 de
844 960 1134 1024 Cheruscis
1161 1009 1179 1036 ‚
1216 963 1391 1033 Cattis
1417 1013 1435 1040 ‚
1470 988 1701 1049 quaeque
1730 969 1850 1027 aliae

321 1046 576 1104 nationes
599 1041 766 1124 usque
783 1043 854 1102 ad
866 1042 1060 1110 Albim
1081 1042 1273 1106 colunt
1287 1090 1305 1119 ,
1325 1044 1679 1125 triumphavit
1698 1066 1850 1105 anno

327 1122 413 1183 U.
437 1121 508 1183 C.
535 1140 786 1181 ncctxx
814 1169 832 1201 ‚
875 1141 935 1181 ut
961 1120 1170 1179 dictum
1200 1124 1275 1181 est
1299 1122 1508 1183 Annal.
1528 1124 1613 1199 11,
1641 1146 1735 1196 41.

405 1199 480 1259 In
529 1200 835 1275 mancipes.
881 1201 974 1259 De
1017 1201 1367 1281 mancipibus
1414 1200 1857 1285 curatoribusque

331 1280 547 1340 viarum
583 1278 791 1338 dictum
825 1277 884 1337 su
928 1280 985 1337 ra*
1025 1278 1239 1337 Annal.
1266 1280 1387 1355 ΙΙΙ,
1430 1304 1522 1356 31.

412 1354 830 1418 Cn.Dom1'tius
895 1355 1096 1417 orbulo.
1113 1357 1367 1417 Senator.
1395 1360 1515 1418 Dio
1537 1379 1646 1419 ux
1668 1405 1686 1433 ,
1724 1378 1858 1446 pag.

331 1435 408 1510 ἐς
425 1457 448 1494 1
474 1482 492 1509 ‚
535 1437 754 1496 testatur
779 1457 906 1495 eum
934 1435 1207 1517 pudendis
1232 1437 1317 1497 his
1339 1438 1539 1498 artibus
1564 1438 1635 1497 ad
1658 1435 1863 1497 consu·-

335 1518 511 1575 latum
546 1514 699 1575 fiiifl'e
735 1518 1004 1575 evectum.
1044 1515 1138 1575 De
1166 1516 1493 1576 Corbulone
1514 1519 1630 1593 jam
1650 1516 1860 1577 dicium

328 1593 493 1674 supra
518 1593 727 1654 Annal.
749 1594 870 1673 111,
907 1616 936 1675 3
954 1616 1002 1655 1.
1048 1592 1199 1659 Vide
1230 1603 1286 1655 &
1306 1594 1451 1656 infra
1473 1596 1859 1678 supplement.

327 1671 654 1745 Annal.1X
671 1720 690 1749 ‚
725 1694 822 1754 44.

412 1830 567 1893 Car.
595 1829 696 1889 III.
740 1828 930 1893 Ludos
952 1829 1181 1893 licita‘ri.
1220 1832 1340 1893 Dio
1374 1852 1484 1894 ux
1509 1879 1527 1909 ,
1560 1855 1635 1914 pa
1678 1876 1694 1893 .
1722 1841 1859 1909 650.

415 1910 474 1975 V
474 1928 612 1971 enas
613 1908 729 1992 fibi
750 1908 1077 1973 inciderent.
1095 1912 1328 1972 Sueton.
1343 1914 1403 1970 in
1424 1912 1590 1988 Caio,
1664 1918 1856 1994 ap.38.

420 1987 640 2064 Aponio
674 1987 1005 2050 Saturnino.
1037 1990 1275 2049 Sueten.
1305 1989 1440 2050 ibid.

413 2065 672 2148 Sestertio
733 2065 1022 2146 nonagies.
1121 2066 1357 2127 Gallicae
1418 2075 1655 2129 monetae
1712 2066 1865 2130 libris

337 2168 373 2220 ,Ι
384 2170 438 2224 ‚7
449 2165 476 2221 5
485 2167 618 2222 0,97
631 2167 652 2204 1
663 2186 686 2228 0,
806 2219 814 2227 ,

319 2273 322 2278 -
417 2225 647 2293 Veneno
681 2241 812 2283 enee

420 2342 693 2446 Ciarv.
732 2377 983 2462 Prqlinae
1011 2380 1272 2458 fafiioni.
1312 2382 1547 2444 Sueton.
1578 2385 1640 2442 in
1676 2379 1821 2443 Caio
1844 2427 1863 2456 ‚

344 2463 494 2544 Cap.
522 2481 612 2536 55.
657 2458 1004 2521 Circenfium
1039 2464 1375 2552 agitatorum
1408 2460 1678 2520 faffiones
1716 2463 1869 2520 tuni-

345 2563 536 2602 carum
561 2539 836 2602 coloribus
864 2555 1020 2596 erant
1039 2538 1297 2598 distinctae
1322 2563 1337 2597 t
1361 2539 1507 2599 unde
1532 2541 1627 2600 alii
1642 2539 1829 2609 Albati
1846 2585 1866 2614 ,

347 2621 401 2682 le
425 2618 576 2694 pam·
599 2612 762 2674 bl'anc
781 2635 806 2686 ;
849 2613 1057 2674 Ruffati
1078 2661 1095 2687 ‚
1125 2615 1177 2674 le
1196 2615 1348 2689 pam·
1372 2637 1537 2696 rouge
1562 2637 1590 2688 ;
1632 2617 1868 2689 Prasmi,

347 2700 402 2761 le
430 2695 580 2772 pam·
609 2692 744 2754 verd
765 2714 793 2766 ;
842 2691 1085 2766 Veneti,
1119 2691 1171 2752 le
1196 2692 1349 2768 parti
1388 2691 1530 2754 bleu.
1568 2691 1641 2754 Et
1666 2698 1727 2753 in
1756 2690 1873 2755 ins-
1916 2707 1924 2716 ·

350 2773 709 2856 criptionibus
757 2771 1027 2832 veteribus
1068 2781 1447 2831 memorantur
1481 2817 1500 2846 ,
1546 2775 1645 2854 qui
1676 2775 1877 2848 ,vicere

351 2857 568 2940 palmas
589 2855 652 2912 in
669 2850 846 2910 russeo
864 2897 882 2924 ‚
920 2835 1224 2932 infiafino
1245 2897 1263 2926 ‚
1293 2853 1353 2910 in
1377 2868 1574 2910 veneto
1596 2897 1613 2923 ,
1639 2851 1700 2909 in
1726 2851 1872 2912 albo.

323 2946 332 2954 '
433 2929 721 3016 Agitatori
743 2928 1008 3012 Eutycho.
1041 2931 1149 2990 De·
1202 2952 1275 2990 uo
1301 2927 1530 3010 Jostph.
1549 2928 1873 3012 Antiq.Ju·-

353 3014 496 3074 daie.
533 3007 684 3071 XIX
705 3055 722 3082 ‚
762 3031 800 3081 4
823 3055 842 3082 ,
885 3029 1039 3068 num.
1075 3031 1132 3081 4.
1257 3008 1363 3068 aud
1400 3011 1480 3071 ita
1518 3009 1871 3093 probabiliter

353 3092 505 3178 apud
537 3091 866 3154 Suetonium
873 3089 1050 3176 ,Klotz
1085 3091 1180 3152 cit.
1222 3086 1477 3171 Cythico.

817 2219 972 2286 abac.
1015 2221 1135 2284 Dio
1169 2185 1281 2285 iu
1305 2269 1324 2300 ,
1362 2246 1499 2309 pag.
1522 2235 1656 2299 650.
