2294 3870
571 201 1508 291 ἈΝΗΑΣΙὺΜΝοἹ-Ᾱ.
1672 248 1815 312 377

367 335 609 414 'Alpibus
631 335 854 398 Cottiis.
893 334 1023 396 Pars
1056 336 1154 394 illa
1178 335 1413 416 Alpium
1442 355 1591 396 nunc
1616 334 1815 398 dicitur

289 414 346 479 Ie
366 417 589 500 paffizge
614 416 680 477 de
706 415 986 494 Brianfon
1019 419 1054 474 ἀ
1083 414 1248 496 δαῖε.

369 495 620 556 Paterno
637 497 698 558 in
721 515 910 576 regno.
924 493 1096 554 Cottii
1115 513 1275 575 pater
1292 492 1393 553 fuit
1413 515 1507 554 rex
1534 495 1779 556 Donnus
1792 537 1813 570 ‚

288 595 626 636 memoratus
657 577 717 634 in
748 572 1098 655 inscriptione
1126 574 1283 633 arcds
1306 573 1585 634 Secufiani
1607 620 1623 647 ,
1663 573 1817 653 Suze

288 675 360 714 en
391 655 651 714 Ρὶέιηοπτ
673 700 690 728 ,
729 675 896 736 quam
934 654 1119 713 videte
1157 654 1234 711 est
1266 655 1325 710 in
1353 657 1541 732 priore
1564 652 1815 712 editione

288 731 610 808 Tom.1V,
646 755 721 813 pa
763 775 780 792 .
819 737 956 806 418.
995 731 1182 806 Hujus
1226 750 1407 789 autem
1450 733 1625 793 Cottii
1669 732 1813 791 filius

289 810 532 890 neposve
574 811 674 906 fuit
713 753 800 871 ᾗί.
823 811 1002 877 Julius
1041 809 1258 869 Cottius
1285 855 1302 883 ,
1341 831 1509 891 quem
1544 811 1813 872 Claudius

289 889 782 1049 reggeiisififfigbio
807 985 886 1027 tx
911 1014 929 1042 ,
959 987 1092 1048 pag.
1118 971 1252 1026 681.
1281 965 1439 1028 Errat
1466 988 1647 1030 autem
1680 989 1812 1028 eru-

264 1049 429 1111 ‚ditus
463 1049 752 1108 Reimarus
777 1092 794 1119 ,
839 1045 966 1104 edm
1002 1067 1068 1104 ea
1097 1065 1221 1126 quae
1248 1045 1316 1106 de
1338 1047 1424 1106 M.
1446 1045 1599 1112 Julio
1622 1046 1816 1109 Cottio

286 1146 476 1187 narrat
506 1127 624 1186 Dio
648 1172 666 1199 ‚
711 1124 781 1184 ad
809 1124 1000 1206 Cotyn
1029 1126 1228 1184 retulit.

367 1205 692 1288 Redegzffet.
728 1204 924 1264 Aurel.
964 1203 1165 1266 Victor
1181 1250 1200 1278 ‚
1252 1205 1312 1262 in
1340 1201 1620 1288 Epitomge.

315 1349 334 1360 ”
367 1359 522 1420 CAP.
543 1359 652 1420 XI.
673 1358 932 1420 Multatz’.
961 1361 1080 1421 Dio
1103 1378 1186 1419 tx
1211 1380 1397 1498 ‚gap
1424 1365 1494 1419 68
1512 1379 1563 1422 ι.

365 1437 634 1502 Reddita.
666 1438 977 1501 Videinfrzi
997 1438 1209 1499 Annal.
1292 1439 1318 1497 I
1358 1485 1377 1513 ‚
1414 1445 1507 1513 58.

367 1516 638 1579 Umbom'o
659 1516 885 1580 Silioni.
918 1519 1036 1579 Dio
1059 1565 1076 1594 ,
1111 1517 1246 1578 ibid.
1502 1542 1507 1548 ·

370 1596 620 1658 Baeticoe.
645 1597 844 1656 Baetica
863 1643 880 1671 ,
911 1619 1040 1678 pars
1069 1617 1279 1679 magna
1306 1594 1593 1678 Hispaniae
1613 1642 1633 1672 ‚
1670 1619 1825 1660 nunc

287 1675 375 1736 les
390 1673 694 1757 Royaumes
715 1674 784 1735 de
804 1674 1095 1747 Grenade,
1119 1675 1190 1737 de
1204 1674 1402 1739 Se‘ville
1416 1722 1435 1750 ,
1460 1675 1528 1736 de
1545 1674 1817 1754 Cordoue,

283 1755 534 1914 Ξνςςιζιὲῃ
545 1753 756 1892 τουιαέιῐ
759 1753 1046 1890 1{iqycmme
1070 1754 1136 1815 de
1160 1754 1312 1817 Jaen
1332 1801 1354 1834 ‚
1402 1753 1465 1818 ὓ·
1502 1776 1610 1818 une
1631 1758 1829 1835 partie

339 1855 368 1894 e
538 1853 648 1893 rem
795 1853 876 1894 re.

366 1911 622 1979 Dilata.
653 1910 773 1974 Dio
787 1956 808 1987 ,
844 1911 985 1972 ibid.

372 2067 673 2132 cinxn.
693 2066 1052 2142 Principibus
1053 2064 1300 2202 guravit.
1326 2060 1450 2126 Dio
1471 2082 1553 2126 tx
1570 2113 1589 2142 ,
1610 2088 1671 2148 p.
1690 2072 1759 2129 68
1772 2086 1827 2131 ι.

377 2149 688 2232 Reprqffum
713 2146 805 2211 iit.
840 2148 958 2208 Dio
979 2193 996 2221 ,
1031 2146 1052 2207 i
1087 2143 1165 2211 id.
1312 2156 1327 2173 ·
1838 2178 1847 2186 -

373 2307 525 2371 Cn.
543 2304 710 2367 XIII.
731 2302 1010 2367 Feminas.
1029 2304 1245 2365 Statuas
1269 2299 1515 2377 Cloeliae,
1536 2300 1827 2379 Lucretiae,

293 2387 572 2451 Corneliae
637 2386 794 2446 ofitas
821 2386 947 2447 vide
974 2384 1123 2466 apud
1147 2383 1390 2443 Plinium
1414 2379 1703 2455 XXXIV,
1729 2392 1783 2441 6.

311 2530 316 2537 ,
374 2466 489 2529 Con
484 2408 713 2541 fiiligus.
748 2465 958 2525 Plinius
984 2511 1000 2537 ,
1025 2464 1160 2523 ibid.
1184 2462 1277 2523 Me
1297 2460 1552 2521 AEmilius
1573 2460 1659 2521 Le
1703 2461 1825 2521 idus

297 2554 353 2606 &
375 2544 709 2621 C-Popilius
729 2542 928 2601 Laenas
950 2540 1004 2600 Π
1029 2540 1275 2601 consules
1308 2541 1457 2601 fuere
1479 2561 1631 2603 anno
1710 2541 1841 2601 this*

300 2621 540 2685 conditae
567 2639 773 2681 1>ch1
793 2665 810 2694 ‚
844 2639 972 2679 ante
999 2618 1279 2680 Christum
1314 2625 1442 2691 158.
1524 2652 1529 2657 ·
1824 2650 1833 2657 ·

375 2777 526 2841 CAr.
549 2775 718 2839 XIV.
755 2774 971 2837 Ponere
999 2772 1209 2835 liceret.
1237 2772 1357 2834 Dio
1384 2791 1465 2831 tx
1490 2820 1509 2850 ‚
1535 2796 1667 2857 pag.
1690 2782 1829 2840 681.

379 2856 768 2955 Rublicarent.
803 2856 924 2916 Dio
945 2899 964 2930 ‚
993 2852 1126 2915 ibid.

287 3054 297 3069 .
377 3014 528 3081 Cn.
555 3011 695 3077 XV.
753 2998 1106 3090 Poiejstatum.
1160 3010 1254 3075 De
1296 3012 1650 3099 potestatibus
1696 3008 1819 3087 iam

291 3094 507 3172 §istum
539 3090 698 3175 supra
735 3090 882 3179 Cap.
915 3095 967 3153 8.
