<?xml version="1.0" encoding="UTF-8"?>
<!DOCTYPE html PUBLIC "-//W3C//DTD XHTML 1.0 Transitional//EN"
    "http://www.w3.org/TR/xhtml1/DTD/xhtml1-transitional.dtd">
<html xmlns="http://www.w3.org/1999/xhtml" xml:lang="en" lang="en">
 <head>
  <title>
</title>
<meta http-equiv="Content-Type" content="text/html;charset=utf-8" />
  <meta name='ocr-system' content='tesseract 3.04.00' />
  <meta name='ocr-capabilities' content='ocr_page ocr_carea ocr_par ocr_line ocrx_word'/>
</head>
<body>
  <div class='ocr_page' id='page_1' title='image "./operasupplement06tacigoog/operasupplement06tacigoog_0106.png"; bbox 0 0 2294 3870; ppageno 0'>
   <div class='ocr_carea' id='block_1_1' title="bbox 506 125 1841 270">
    <p class='ocr_par' dir='ltr' id='par_1_1' title="bbox 506 125 1841 270">
     <span class='ocr_line' id='line_1_1' title="bbox 506 125 1841 270; baseline -0.006 -23"><span class='ocrx_word' id='word_1_1' title='bbox 506 178 615 270; x_wconf 73' lang='lat'><strong>¹96</strong></span> <span class='ocrx_word' id='word_1_2' title='bbox 742 176 828 244; x_wconf 65' lang='lat' dir='ltr'><strong>Ca</strong></span> <span class='ocrx_word' id='word_1_3' title='bbox 880 125 1841 254; x_wconf 42' lang='lat' dir='ltr'><strong>ConunrnTAcrr&#39;x</strong></span> 
     </span>
    </p>
   </div>
   <div class='ocr_carea' id='block_1_2' title="bbox 254 282 2058 487">
    <p class='ocr_par' dir='ltr' id='par_1_2' title="bbox 254 282 2058 487">
     <span class='ocr_line' id='line_1_2' title="bbox 254 282 2058 398; baseline -0.001 -35"><span class='ocrx_word' id='word_1_4' title='bbox 254 322 496 381; x_wconf 54' lang='grc' dir='ltr'>Ξ</span> <span class='ocrx_word' id='word_1_5' title='bbox 516 289 851 391; x_wconf 63' lang='lat' dir='ltr'><strong>mquidem</strong></span> <span class='ocrx_word' id='word_1_6' title='bbox 888 284 1041 360; x_wconf 88' lang='lat' dir='ltr'><strong>satis</strong></span> <span class='ocrx_word' id='word_1_7' title='bbox 1086 284 1198 398; x_wconf 43' lang='lat' dir='ltr'><strong>ad·</strong></span> <span class='ocrx_word' id='word_1_8' title='bbox 1217 282 1622 385; x_wconf 86' lang='lat' dir='ltr'>obsequium</span> <span class='ocrx_word' id='word_1_9' title='bbox 1663 284 2058 362; x_wconf 64' lang='lat' dir='ltr'><strong>coaluiffeiz</strong></span> 
     </span>
     <span class='ocr_line' id='line_1_3' title="bbox 258 385 2054 487; baseline -0.004 -20"><span class='ocrx_word' id='word_1_10' title='bbox 258 398 327 451; x_wconf 61' lang='lat' dir='ltr'><strong>&#39;A-</strong></span> <span class='ocrx_word' id='word_1_11' title='bbox 347 400 410 447; x_wconf 79' lang='lat' dir='ltr'><strong>U·</strong></span> <span class='ocrx_word' id='word_1_12' title='bbox 433 396 496 447; x_wconf 85' lang='lat' dir='ltr'><strong>C·</strong></span> <span class='ocrx_word' id='word_1_13' title='bbox 519 388 838 467; x_wconf 80' lang='lat' dir='ltr'><strong>differunt</strong></span> <span class='ocrx_word' id='word_1_14' title='bbox 863 442 885 475; x_wconf 94' lang='lat'><strong>,</strong></span> <span class='ocrx_word' id='word_1_15' title='bbox 941 417 983 449; x_wconf 75' lang='lat' dir='ltr'><strong>nt</strong></span> <span class='ocrx_word' id='word_1_16' title='bbox 1006 386 1386 487; x_wconf 76' lang='lat' dir='ltr'><strong>proditores</strong></span> <span class='ocrx_word' id='word_1_17' title='bbox 1429 412 1646 486; x_wconf 85' lang='lat' dir='ltr'>nuper</span> <span class='ocrx_word' id='word_1_18' title='bbox 1699 385 2054 486; x_wconf 85' lang='lat' dir='ltr'><strong>hostesque</strong></span> 
     </span>
    </p>
   </div>
   <div class='ocr_carea' id='block_1_3' title="bbox 303 484 451 623">
    <p class='ocr_par' dir='ltr' id='par_1_3' title="bbox 303 484 451 623">
     <span class='ocr_line' id='line_1_4' title="bbox 312 484 448 543; baseline -0.059 0"><span class='ocrx_word' id='word_1_19' title='bbox 312 484 448 543; x_wconf 82' lang='lat'>789.</span> 
     </span>
     <span class='ocr_line' id='line_1_5' title="bbox 303 567 451 623; baseline -0.034 0"><span class='ocrx_word' id='word_1_20' title='bbox 303 570 353 623; x_wconf 83' lang='lat' dir='ltr'><strong>J.</strong></span> <span class='ocrx_word' id='word_1_21' title='bbox 389 567 451 619; x_wconf 86' lang='lat' dir='ltr'><strong>C.</strong></span> 
     </span>
    </p>
   </div>
   <div class='ocr_carea' id='block_1_4' title="bbox 326 655 431 719">
    <p class='ocr_par' dir='ltr' id='par_1_4' title="bbox 326 655 431 719">
     <span class='ocr_line' id='line_1_6' title="bbox 326 655 431 719; baseline 0 0"><span class='ocrx_word' id='word_1_22' title='bbox 326 655 431 719; x_wconf 79' lang='lat'><strong>3⁶·</strong></span> 
     </span>
    </p>
   </div>
   <div class='ocr_carea' id='block_1_5' title="bbox 504 483 2058 2193">
    <p class='ocr_par' dir='ltr' id='par_1_5' title="bbox 504 483 2058 2193">
     <span class='ocr_line' id='line_1_7' title="bbox 519 483 2054 591; baseline -0.002 -30"><span class='ocrx_word' id='word_1_23' title='bbox 519 500 753 591; x_wconf 65' lang='lat' dir='ltr'><strong>»ejuS,</strong></span> <span class='ocrx_word' id='word_1_24' title='bbox 846 514 1006 561; x_wconf 89' lang='lat' dir='ltr'><strong>uem</strong></span> <span class='ocrx_word' id='word_1_25' title='bbox 1052 484 1314 585; x_wconf 83' lang='lat' dir='ltr'><strong>rursum</strong></span> <span class='ocrx_word' id='word_1_26' title='bbox 1355 483 1728 560; x_wconf 66' lang='lat' dir='ltr'><strong>foveant».</strong></span> <span class='ocrx_word' id='word_1_27' title='bbox 1783 488 2054 561; x_wconf 75' lang='lat' dir='ltr'><strong>Verum</strong></span> 
     </span>
     <span class='ocr_line' id='line_1_8' title="bbox 521 515 2056 690; baseline -0.002 -24"><span class='ocrx_word' id='word_1_28' title='bbox 521 515 907 690; x_wconf 54' lang='lat' dir='ltr'><strong>Abdageciles</strong></span> <span class='ocrx_word' id='word_1_29' title='bbox 944 622 986 653; x_wconf 74' lang='lat' dir='ltr'><strong>nc</strong></span> <span class='ocrx_word' id='word_1_30' title='bbox 1005 586 1534 689; x_wconf 84' lang='lat' dir='ltr'><strong>regrediendum</strong></span> <span class='ocrx_word' id='word_1_31' title='bbox 1562 587 1634 659; x_wconf 90' lang='lat' dir='ltr'><strong>in</strong></span> <span class='ocrx_word' id='word_1_32' title='bbox 1660 586 2056 689; x_wconf 79' lang='lat' dir='ltr'><strong>Mesopota-</strong></span> 
     </span>
     <span class='ocr_line' id='line_1_9' title="bbox 518 687 2056 788; baseline 0 -27"><span class='ocrx_word' id='word_1_33' title='bbox 518 690 787 763; x_wconf 72' lang='lat' dir='ltr'><strong>:umiam</strong></span> <span class='ocrx_word' id='word_1_34' title='bbox 806 723 847 755; x_wconf 66' lang='grc' dir='ltr'><strong><em>ω</em></strong></span> <span class='ocrx_word' id='word_1_35' title='bbox 882 687 1197 764; x_wconf 82' lang='lat' dir='ltr'><strong>censebat</strong></span> <span class='ocrx_word' id='word_1_36' title='bbox 1220 745 1245 778; x_wconf 86' lang='lat'>,</span> <span class='ocrx_word' id='word_1_37' title='bbox 1293 722 1334 753; x_wconf 79' lang='grc' dir='ltr'><strong>α</strong></span> <span class='ocrx_word' id='word_1_38' title='bbox 1353 713 1430 761; x_wconf 90' lang='lat' dir='ltr'><strong>ut</strong></span> <span class='ocrx_word' id='word_1_39' title='bbox 1478 714 1680 761; x_wconf 87' lang='lat' dir='ltr'><strong>amne</strong></span> <span class='ocrx_word' id='word_1_40' title='bbox 1729 689 2006 788; x_wconf 66' lang='lat' dir='ltr'><strong>objedto</strong></span> <span class='ocrx_word' id='word_1_41' title='bbox 2031 744 2056 777; x_wconf 89' lang='lat'>,</span> 
     </span>
     <span class='ocr_line' id='line_1_10' title="bbox 514 784 2058 886; baseline 0 -25"><span class='ocrx_word' id='word_1_42' title='bbox 514 786 919 865; x_wconf 66' lang='lat' dir='ltr'><strong>»Armeniis</strong></span> <span class='ocrx_word' id='word_1_43' title='bbox 951 790 1230 869; x_wconf 82' lang='lat' dir='ltr'><strong>interim</strong></span> <span class='ocrx_word' id='word_1_44' title='bbox 1257 845 1280 877; x_wconf 88' lang='lat'>,</span> <span class='ocrx_word' id='word_1_45' title='bbox 1323 784 1756 886; x_wconf 88' lang='lat' dir='ltr'><strong>Elymaeisque</strong></span> <span class='ocrx_word' id='word_1_46' title='bbox 1782 844 1805 876; x_wconf 88' lang='lat'>,</span> <span class='ocrx_word' id='word_1_47' title='bbox 1850 798 1926 861; x_wconf 88' lang='lat'>&amp;</span> <span class='ocrx_word' id='word_1_48' title='bbox 1951 816 2058 861; x_wconf 81' lang='lat' dir='ltr'><strong>ce-</strong></span> 
     </span>
     <span class='ocr_line' id='line_1_11' title="bbox 510 886 2054 994; baseline -0.002 -30"><span class='ocrx_word' id='word_1_49' title='bbox 510 891 729 988; x_wconf 59' lang='lat' dir='ltr'><strong>puteris</strong></span> <span class='ocrx_word' id='word_1_50' title='bbox 757 920 799 965; x_wconf 84' lang='lat' dir='ltr'><strong>a</strong></span> <span class='ocrx_word' id='word_1_51' title='bbox 831 916 1027 994; x_wconf 87' lang='lat' dir='ltr'><strong>tergo</strong></span> <span class='ocrx_word' id='word_1_52' title='bbox 1056 889 1288 963; x_wconf 86' lang='lat' dir='ltr'><strong>excitis</strong></span> <span class='ocrx_word' id='word_1_53' title='bbox 1312 947 1336 980; x_wconf 89' lang='lat'>,</span> <span class='ocrx_word' id='word_1_54' title='bbox 1381 890 1555 963; x_wconf 60' lang='lat' dir='ltr'><strong>auziri</strong></span> <span class='ocrx_word' id='word_1_55' title='bbox 1589 886 1796 989; x_wconf 84' lang='lat' dir='ltr'><strong>copiis</strong></span> <span class='ocrx_word' id='word_1_56' title='bbox 1835 886 2054 961; x_wconf 89' lang='lat' dir='ltr'><strong>socia-</strong></span> 
     </span>
     <span class='ocr_line' id='line_1_12' title="bbox 512 986 2056 1092; baseline -0.001 -29"><span class='ocrx_word' id='word_1_57' title='bbox 512 990 745 1084; x_wconf 57' lang='lat' dir='ltr'><strong>plibus</strong></span> <span class='ocrx_word' id='word_1_58' title='bbox 770 1048 792 1084; x_wconf 85' lang='lat'>‚</span> <span class='ocrx_word' id='word_1_59' title='bbox 836 1003 908 1067; x_wconf 75' lang='grc' dir='ltr'><strong>δε</strong></span> <span class='ocrx_word' id='word_1_60' title='bbox 953 1019 1117 1092; x_wconf 90' lang='lat' dir='ltr'><strong>quas</strong></span> <span class='ocrx_word' id='word_1_61' title='bbox 1159 990 1294 1063; x_wconf 83' lang='lat' dir='ltr'><strong>dux</strong></span> <span class='ocrx_word' id='word_1_62' title='bbox 1335 992 1687 1065; x_wconf 88' lang='lat' dir='ltr'><strong>Romanus</strong></span> <span class='ocrx_word' id='word_1_63' title='bbox 1730 986 2008 1063; x_wconf 80' lang='lat' dir='ltr'><strong>mififfet</strong></span> <span class='ocrx_word' id='word_1_64' title='bbox 2028 1046 2056 1077; x_wconf 91' lang='lat'><strong>,</strong></span> 
     </span>
     <span class='ocr_line' id='line_1_13' title="bbox 510 1089 2057 1175; baseline 0 -12"><span class='ocrx_word' id='word_1_65' title='bbox 510 1089 917 1167; x_wconf 63' lang='lat' dir='ltr'><strong>»fortunam</strong></span> <span class='ocrx_word' id='word_1_66' title='bbox 962 1114 1390 1167; x_wconf 66' lang='lat' dir='ltr'><strong>tentarent».</strong></span> <span class='ocrx_word' id='word_1_67' title='bbox 1429 1092 1538 1175; x_wconf 60' lang='lat' dir='ltr'><strong>,Ea</strong></span> <span class='ocrx_word' id='word_1_68' title='bbox 1557 1089 1903 1163; x_wconf 81' lang='lat' dir='ltr'><strong>&#39;sententia</strong></span> <span class='ocrx_word' id='word_1_69' title='bbox 1945 1118 2057 1163; x_wconf 87' lang='lat' dir='ltr'><strong>va-</strong></span> 
     </span>
     <span class='ocr_line' id='line_1_14' title="bbox 512 1189 2052 1296; baseline -0.004 -27"><span class='ocrx_word' id='word_1_70' title='bbox 512 1193 645 1269; x_wconf 88' lang='lat' dir='ltr'>luit</span> <span class='ocrx_word' id='word_1_71' title='bbox 673 1251 697 1285; x_wconf 89' lang='lat'>,</span> <span class='ocrx_word' id='word_1_72' title='bbox 747 1194 908 1294; x_wconf 87' lang='lat' dir='ltr'><strong>quia</strong></span> <span class='ocrx_word' id='word_1_73' title='bbox 942 1192 1236 1296; x_wconf 86' lang='lat' dir='ltr'><strong>plurima</strong></span> <span class='ocrx_word' id='word_1_74' title='bbox 1271 1190 1625 1273; x_wconf 63' lang='lat' dir='ltr'><strong>auotoritas</strong></span> <span class='ocrx_word' id='word_1_75' title='bbox 1668 1217 1872 1292; x_wconf 86' lang='lat' dir='ltr'><strong>penes</strong></span> <span class='ocrx_word' id='word_1_76' title='bbox 1905 1189 2052 1263; x_wconf 87' lang='lat' dir='ltr'><strong>Ab-</strong></span> 
     </span>
     <span class='ocr_line' id='line_1_15' title="bbox 516 1289 2054 1397; baseline -0.002 -30"><span class='ocrx_word' id='word_1_77' title='bbox 516 1292 811 1397; x_wconf 88' lang='lat' dir='ltr'><strong>dagesen</strong></span> <span class='ocrx_word' id='word_1_78' title='bbox 825 1305 949 1385; x_wconf 70' lang='grc' dir='ltr'><strong>,δε</strong></span> <span class='ocrx_word' id='word_1_79' title='bbox 965 1295 1310 1369; x_wconf 82' lang='lat' dir='ltr'><strong>Tiridates</strong></span> <span class='ocrx_word' id='word_1_80' title='bbox 1335 1293 1614 1394; x_wconf 83' lang='lat' dir='ltr'><strong>ignavus</strong></span> <span class='ocrx_word' id='word_1_81' title='bbox 1643 1291 1731 1364; x_wconf 88' lang='lat' dir='ltr'><strong>ad</strong></span> <span class='ocrx_word' id='word_1_82' title='bbox 1754 1289 2054 1393; x_wconf 81' lang='lat' dir='ltr'><strong>pericula</strong></span> 
     </span>
     <span class='ocr_line' id='line_1_16' title="bbox 510 1390 2055 1497; baseline -0.004 -29"><span class='ocrx_word' id='word_1_83' title='bbox 510 1421 711 1487; x_wconf 67' lang='lat' dir='ltr'><strong>erat:</strong></span> <span class='ocrx_word' id='word_1_84' title='bbox 770 1395 888 1471; x_wconf 89' lang='lat' dir='ltr'><strong>sed</strong></span> <span class='ocrx_word' id='word_1_85' title='bbox 942 1395 1118 1497; x_wconf 83' lang='lat' dir='ltr'><strong>fugae</strong></span> <span class='ocrx_word' id='word_1_86' title='bbox 1170 1393 1390 1495; x_wconf 82' lang='lat' dir='ltr'><strong>specie</strong></span> <span class='ocrx_word' id='word_1_87' title='bbox 1443 1390 1797 1467; x_wconf 73' lang='lat' dir='ltr'><strong>discessum</strong></span> <span class='ocrx_word' id='word_1_88' title='bbox 1839 1421 1863 1487; x_wconf 81' lang='lat'>3</span> <span class='ocrx_word' id='word_1_89' title='bbox 1924 1420 2001 1463; x_wconf 91' lang='lat' dir='ltr'><strong>ac</strong></span> <span class='ocrx_word' id='word_1_90' title='bbox 2029 1448 2055 1481; x_wconf 89' lang='lat'><strong>,</strong></span> 
     </span>
     <span class='ocr_line' id='line_1_17' title="bbox 566 1488 2057 1593; baseline 0 -28"><span class='ocrx_word' id='word_1_91' title='bbox 566 1496 850 1593; x_wconf 90' lang='lat' dir='ltr'><strong>rincipio</strong></span> <span class='ocrx_word' id='word_1_92' title='bbox 896 1522 935 1565; x_wconf 88' lang='lat' dir='ltr'><strong>a</strong></span> <span class='ocrx_word' id='word_1_93' title='bbox 974 1508 1178 1593; x_wconf 79' lang='lat' dir='ltr'><strong>gen&#39;te</strong></span> <span class='ocrx_word' id='word_1_94' title='bbox 1205 1492 1514 1563; x_wconf 83' lang='lat' dir='ltr'>Arabum</span> <span class='ocrx_word' id='word_1_95' title='bbox 1557 1488 1738 1565; x_wconf 56' lang='lat' dir='ltr'><strong>saffo</strong></span> <span class='ocrx_word' id='word_1_96' title='bbox 1769 1548 1792 1581; x_wconf 88' lang='lat'>‚</span> <span class='ocrx_word' id='word_1_97' title='bbox 1845 1494 2057 1565; x_wconf 87' lang='lat' dir='ltr'><strong>ceteri</strong></span> 
     </span>
     <span class='ocr_line' id='line_1_18' title="bbox 514 1524 2052 1685; baseline -0.001 -20"><span class='ocrx_word' id='word_1_98' title='bbox 514 1524 765 1665; x_wconf 60' lang='lat' dir='ltr'><strong>gomos</strong></span> <span class='ocrx_word' id='word_1_99' title='bbox 794 1592 1085 1678; x_wconf 84' lang='lat' dir='ltr'><strong>abeunt,</strong></span> <span class='ocrx_word' id='word_1_100' title='bbox 1133 1589 1245 1663; x_wconf 87' lang='lat' dir='ltr'><strong>vel</strong></span> <span class='ocrx_word' id='word_1_101' title='bbox 1296 1590 1371 1662; x_wconf 89' lang='lat' dir='ltr'><strong>in</strong></span> <span class='ocrx_word' id='word_1_102' title='bbox 1423 1592 1624 1685; x_wconf 73' lang='lat' dir='ltr'><strong>castra</strong></span> <span class='ocrx_word' id='word_1_103' title='bbox 1669 1591 2052 1665; x_wconf 85' lang='lat' dir='ltr'><strong>Artabani:</strong></span> 
     </span>
     <span class='ocr_line' id='line_1_19' title="bbox 516 1689 2054 1789; baseline 0.001 -25"><span class='ocrx_word' id='word_1_104' title='bbox 516 1692 737 1764; x_wconf 88' lang='lat' dir='ltr'><strong>donec</strong></span> <span class='ocrx_word' id='word_1_105' title='bbox 788 1689 1129 1761; x_wconf 86' lang='lat' dir='ltr'><strong>Tiridates</strong></span> <span class='ocrx_word' id='word_1_106' title='bbox 1186 1716 1346 1761; x_wconf 89' lang='lat' dir='ltr'><strong>cum</strong></span> <span class='ocrx_word' id='word_1_107' title='bbox 1400 1690 1622 1789; x_wconf 85' lang='lat' dir='ltr'><strong>paucis</strong></span> <span class='ocrx_word' id='word_1_108' title='bbox 1673 1690 1747 1761; x_wconf 92' lang='lat' dir='ltr'><strong>in</strong></span> <span class='ocrx_word' id='word_1_109' title='bbox 1792 1694 2054 1786; x_wconf 78' lang='lat' dir='ltr'><strong>Syriam‘</strong></span> 
     </span>
     <span class='ocr_line' id='line_1_20' title="bbox 511 1786 2053 1892; baseline 0.002 -29"><span class='ocrx_word' id='word_1_110' title='bbox 511 1794 813 1863; x_wconf 68' lang='lat' dir='ltr'><strong>revestus</strong></span> <span class='ocrx_word' id='word_1_111' title='bbox 842 1845 865 1879; x_wconf 89' lang='lat'>‚</span> <span class='ocrx_word' id='word_1_112' title='bbox 916 1788 1176 1892; x_wconf 89' lang='lat' dir='ltr'><strong>pudore</strong></span> <span class='ocrx_word' id='word_1_113' title='bbox 1210 1786 1614 1892; x_wconf 83' lang='lat' dir='ltr'><strong>proditionis</strong></span> <span class='ocrx_word' id='word_1_114' title='bbox 1655 1816 1898 1866; x_wconf 88' lang='lat' dir='ltr'><strong>omnes</strong></span> <span class='ocrx_word' id='word_1_115' title='bbox 1936 1817 2053 1875; x_wconf 74' lang='lat' dir='ltr'><strong>ex·-²</strong></span> 
     </span>
     <span class='ocr_line' id='line_1_21' title="bbox 508 1887 1248 1975; baseline 0.001 -13"><span class='ocrx_word' id='word_1_116' title='bbox 508 1887 733 1975; x_wconf 85' lang='lat' dir='ltr'><strong>solvit.¹</strong></span> <span class='ocrx_word' id='word_1_117' title='bbox 1245 1950 1248 1954; x_wconf 90' lang='lat'>.</span> 
     </span>
     <span class='ocr_line' id='line_1_22' title="bbox 608 1989 2049 2096; baseline -0.001 -32"><span class='ocrx_word' id='word_1_118' title='bbox 608 1989 837 2065; x_wconf 90' lang='lat' dir='ltr'><strong>XLV.</strong></span> <span class='ocrx_word' id='word_1_119' title='bbox 881 1991 1073 2062; x_wconf 71' lang='lat' dir='ltr'><strong>Imm</strong></span> <span class='ocrx_word' id='word_1_120' title='bbox 1112 2019 1330 2068; x_wconf 87' lang='lat' dir='ltr'><strong>annus</strong></span> <span class='ocrx_word' id='word_1_121' title='bbox 1369 1993 1554 2096; x_wconf 86' lang='lat' dir='ltr'><strong>gravi</strong></span> <span class='ocrx_word' id='word_1_122' title='bbox 1593 1989 1754 2094; x_wconf 88' lang='lat' dir='ltr'><strong>igne</strong></span> <span class='ocrx_word' id='word_1_123' title='bbox 1779 1989 2049 2064; x_wconf 86' lang='lat' dir='ltr'><strong>Urbem</strong></span> 
     </span>
     <span class='ocr_line' id='line_1_23' title="bbox 504 2089 2049 2193; baseline -0.005 -24"><span class='ocrx_word' id='word_1_124' title='bbox 504 2090 741 2169; x_wconf 79' lang='lat' dir='ltr'><strong>adficit</strong></span> <span class='ocrx_word' id='word_1_125' title='bbox 766 2147 789 2179; x_wconf 88' lang='lat'>,</span> <span class='ocrx_word' id='word_1_126' title='bbox 838 2089 1066 2164; x_wconf 61' lang='lat' dir='ltr'><strong>deusta</strong></span> <span class='ocrx_word' id='word_1_127' title='bbox 1110 2121 1300 2193; x_wconf 88' lang='lat' dir='ltr'><strong>parte</strong></span> <span class='ocrx_word' id='word_1_128' title='bbox 1349 2095 1585 2178; x_wconf 89' lang='lat' dir='ltr'><strong>Circi,</strong></span> <span class='ocrx_word' id='word_1_129' title='bbox 1639 2120 1784 2189; x_wconf 85' lang='lat' dir='ltr'><strong>quae</strong></span> <span class='ocrx_word' id='word_1_130' title='bbox 1814 2091 2049 2165; x_wconf 90' lang='lat' dir='ltr'><strong>Aven-</strong></span> 
     </span>
    </p>
   </div>
   <div class='ocr_carea' id='block_1_6' title="bbox 501 2189 2049 2385">
    <p class='ocr_par' dir='ltr' id='par_1_6' title="bbox 501 2189 2049 2385">
     <span class='ocr_line' id='line_1_24' title="bbox 504 2189 2049 2292; baseline 0.003 -32"><span class='ocrx_word' id='word_1_131' title='bbox 504 2193 657 2290; x_wconf 68' lang='lat' dir='ltr'><strong>tino</strong></span> <span class='ocrx_word' id='word_1_132' title='bbox 685 2192 1006 2286; x_wconf 88' lang='lat' dir='ltr'><strong>contigua</strong></span> <span class='ocrx_word' id='word_1_133' title='bbox 1033 2245 1057 2274; x_wconf 87' lang='lat'>‚</span> <span class='ocrx_word' id='word_1_134' title='bbox 1097 2191 1377 2288; x_wconf 89' lang='lat' dir='ltr'><strong>ipsoque</strong></span> <span class='ocrx_word' id='word_1_135' title='bbox 1410 2191 1762 2264; x_wconf 89' lang='lat' dir='ltr'><strong>Aventino</strong></span> <span class='ocrx_word' id='word_1_136' title='bbox 1791 2219 1807 2260; x_wconf 75' lang='grc' dir='ltr'><strong><em>ε</em></strong></span> <span class='ocrx_word' id='word_1_137' title='bbox 1860 2189 2049 2292; x_wconf 86' lang='lat' dir='ltr'><strong>quod</strong></span> 
     </span>
     <span class='ocr_line' id='line_1_25' title="bbox 501 2283 2048 2385; baseline 0.005 -31"><span class='ocrx_word' id='word_1_138' title='bbox 501 2288 836 2359; x_wconf 83' lang='lat' dir='ltr'><strong>damnum</strong></span> <span class='ocrx_word' id='word_1_139' title='bbox 881 2283 1105 2354; x_wconf 85' lang='lat' dir='ltr'><strong>Caesar</strong></span> <span class='ocrx_word' id='word_1_140' title='bbox 1149 2287 1236 2357; x_wconf 91' lang='lat' dir='ltr'><strong>ad</strong></span> <span class='ocrx_word' id='word_1_141' title='bbox 1283 2287 1576 2385; x_wconf 85' lang='lat' dir='ltr'><strong>gloriam</strong></span> <span class='ocrx_word' id='word_1_142' title='bbox 1616 2291 1870 2376; x_wconf 70' lang='lat' dir='ltr'><strong>vertit,</strong></span> <span class='ocrx_word' id='word_1_143' title='bbox 1927 2318 2048 2370; x_wconf 39' lang='lat' dir='ltr'><strong>exe</strong></span> 
     </span>
    </p>
   </div>
   <div class='ocr_carea' id='block_1_7' title="bbox 481 2379 2044 3088">
    <p class='ocr_par' dir='ltr' id='par_1_7' title="bbox 481 2379 2044 3088">
     <span class='ocr_line' id='line_1_26' title="bbox 494 2379 2042 2463; baseline 0.009 -14"><span class='ocrx_word' id='word_1_144' title='bbox 494 2379 725 2456; x_wconf 84' lang='lat' dir='ltr'><strong>solutis</strong></span> <span class='ocrx_word' id='word_1_145' title='bbox 797 2380 1142 2452; x_wconf 88' lang='lat' dir='ltr'><strong>domuum</strong></span> <span class='ocrx_word' id='word_1_146' title='bbox 1205 2394 1278 2456; x_wconf 74' lang='grc' dir='ltr'><strong>δε</strong></span> <span class='ocrx_word' id='word_1_147' title='bbox 1351 2385 1722 2460; x_wconf 87' lang='lat' dir='ltr'><strong>insularum</strong></span> <span class='ocrx_word' id='word_1_148' title='bbox 1838 2391 2042 2463; x_wconf 87' lang='lat' dir='ltr'><strong>retiis.</strong></span> 
     </span>
     <span class='ocr_line' id='line_1_27' title="bbox 488 2475 2042 2562; baseline 0.012 -18"><span class='ocrx_word' id='word_1_149' title='bbox 488 2475 754 2554; x_wconf 88' lang='lat' dir='ltr'><strong>Millies</strong></span> <span class='ocrx_word' id='word_1_150' title='bbox 798 2476 1179 2552; x_wconf 69' lang='lat' dir='ltr'><strong>sestertium</strong></span> <span class='ocrx_word' id='word_1_151' title='bbox 1227 2483 1308 2558; x_wconf 65' lang='lat' dir='ltr'><strong>ea</strong></span> <span class='ocrx_word' id='word_1_152' title='bbox 1359 2487 1832 2562; x_wconf 88' lang='lat' dir='ltr'><strong>munificentia</strong></span> <span class='ocrx_word' id='word_1_153' title='bbox 1877 2517 2042 2562; x_wconf 90' lang='lat' dir='ltr'><strong>con-</strong></span> 
     </span>
     <span class='ocr_line' id='line_1_28' title="bbox 486 2573 2040 2689; baseline 0.01 -44"><span class='ocrx_word' id='word_1_154' title='bbox 486 2573 787 2648; x_wconf 72' lang='lat' dir='ltr'><strong>locatum</strong></span> <span class='ocrx_word' id='word_1_155' title='bbox 828 2604 853 2669; x_wconf 79' lang='lat'>3</span> <span class='ocrx_word' id='word_1_156' title='bbox 928 2583 1124 2653; x_wconf 72' lang='lat' dir='ltr'><strong>tanto</strong></span> <span class='ocrx_word' id='word_1_157' title='bbox 1185 2589 1522 2688; x_wconf 89' lang='lat' dir='ltr'><strong>acceptius</strong></span> <span class='ocrx_word' id='word_1_158' title='bbox 1579 2590 1654 2661; x_wconf 89' lang='lat' dir='ltr'><strong>in</strong></span> <span class='ocrx_word' id='word_1_159' title='bbox 1705 2588 1987 2689; x_wconf 87' lang='lat' dir='ltr'><strong>vulgum</strong></span> <span class='ocrx_word' id='word_1_160' title='bbox 2018 2645 2040 2676; x_wconf 90' lang='lat'>,</span> 
     </span>
     <span class='ocr_line' id='line_1_29' title="bbox 486 2677 2044 2784; baseline 0.01 -40"><span class='ocrx_word' id='word_1_161' title='bbox 486 2678 745 2770; x_wconf 76' lang='lat' dir='ltr'><strong>quanto</strong></span> <span class='ocrx_word' id='word_1_162' title='bbox 780 2677 1101 2753; x_wconf 86' lang='lat' dir='ltr'><strong>modicus</strong></span> <span class='ocrx_word' id='word_1_163' title='bbox 1144 2687 1422 2784; x_wconf 86' lang='lat' dir='ltr'><strong>privatis</strong></span> <span class='ocrx_word' id='word_1_164' title='bbox 1469 2689 2044 2762; x_wconf 71' lang='lat' dir='ltr'><strong>aedificationibus,</strong></span> 
     </span>
     <span class='ocr_line' id='line_1_30' title="bbox 486 2773 2041 2888; baseline 0.008 -41"><span class='ocrx_word' id='word_1_165' title='bbox 486 2773 595 2847; x_wconf 91' lang='lat' dir='ltr'><strong>Ne</strong></span> <span class='ocrx_word' id='word_1_166' title='bbox 616 2773 886 2873; x_wconf 71' lang='lat' dir='ltr'><strong>publice</strong></span> <span class='ocrx_word' id='word_1_167' title='bbox 915 2781 1212 2875; x_wconf 88' lang='lat' dir='ltr'><strong>quidem</strong></span> <span class='ocrx_word' id='word_1_168' title='bbox 1234 2787 1360 2859; x_wconf 87' lang='lat' dir='ltr'><strong>nifi</strong></span> <span class='ocrx_word' id='word_1_169' title='bbox 1381 2789 1520 2861; x_wconf 92' lang='lat' dir='ltr'><strong>duo</strong></span> <span class='ocrx_word' id='word_1_170' title='bbox 1545 2817 1750 2888; x_wconf 88' lang='lat' dir='ltr'><strong>opera</strong></span> <span class='ocrx_word' id='word_1_171' title='bbox 1778 2791 2041 2877; x_wconf 83' lang='lat' dir='ltr'><strong>struxit,</strong></span> 
     </span>
     <span class='ocr_line' id='line_1_31' title="bbox 487 2872 2044 2989; baseline 0.014 -49"><span class='ocrx_word' id='word_1_172' title='bbox 487 2872 824 2980; x_wconf 74' lang='lat' dir='ltr'><strong>templum</strong></span> <span class='ocrx_word' id='word_1_173' title='bbox 851 2875 1168 2986; x_wconf 31' lang='lat' dir='ltr'><strong>‘Augusto</strong></span> <span class='ocrx_word' id='word_1_174' title='bbox 1197 2942 1219 2971; x_wconf 86' lang='lat'>‚</span> <span class='ocrx_word' id='word_1_175' title='bbox 1269 2898 1340 2960; x_wconf 91' lang='lat'>&amp;</span> <span class='ocrx_word' id='word_1_176' title='bbox 1379 2886 1650 2960; x_wconf 86' lang='lat' dir='ltr'><strong>scenam</strong></span> <span class='ocrx_word' id='word_1_177' title='bbox 1686 2890 2044 2989; x_wconf 79' lang='lat' dir='ltr'><strong>Pompeia-</strong></span> 
     </span>
     <span class='ocr_line' id='line_1_32' title="bbox 481 2971 2042 3088; baseline 0.017 -52"><span class='ocrx_word' id='word_1_178' title='bbox 481 2991 557 3036; x_wconf 78' lang='lat' dir='ltr'><strong>ni</strong></span> <span class='ocrx_word' id='word_1_179' title='bbox 622 2971 930 3069; x_wconf 80' lang='lat' dir='ltr'><strong>theatn3</strong></span> <span class='ocrx_word' id='word_1_180' title='bbox 992 3006 1214 3081; x_wconf 87' lang='lat' dir='ltr'><strong>eaque</strong></span> <span class='ocrx_word' id='word_1_181' title='bbox 1279 2984 1579 3086; x_wconf 63' lang='lat' dir='ltr'><strong>perfet‘h</strong></span> <span class='ocrx_word' id='word_1_182' title='bbox 1643 3013 2042 3088; x_wconf 87' lang='lat' dir='ltr'><strong>contemptu</strong></span> 
     </span>
    </p>
   </div>
   <div class='ocr_carea' id='block_1_8' title="bbox 477 3063 2040 3181">
    <p class='ocr_par' dir='ltr' id='par_1_8' title="bbox 477 3063 2040 3181">
     <span class='ocr_line' id='line_1_33' title="bbox 477 3063 2040 3181; baseline 0.022 -52"><span class='ocrx_word' id='word_1_183' title='bbox 477 3063 875 3146; x_wconf 73' lang='lat' dir='ltr'><strong>ambitionis</strong></span> <span class='ocrx_word' id='word_1_184' title='bbox 914 3129 941 3164; x_wconf 85' lang='lat'>,</span> <span class='ocrx_word' id='word_1_185' title='bbox 1002 3107 1092 3152; x_wconf 88' lang='lat' dir='ltr'><strong>an</strong></span> <span class='ocrx_word' id='word_1_186' title='bbox 1150 3108 1273 3181; x_wconf 86' lang='lat' dir='ltr'><strong>per</strong></span> <span class='ocrx_word' id='word_1_187' title='bbox 1331 3084 1742 3169; x_wconf 54' lang='lat' dir='ltr'><strong>senectutem</strong></span> <span class='ocrx_word' id='word_1_188' title='bbox 1776 3143 1795 3172; x_wconf 89' lang='lat'><strong>,</strong></span> <span class='ocrx_word' id='word_1_189' title='bbox 1855 3087 2040 3164; x_wconf 86' lang='lat' dir='ltr'><strong>haud</strong></span> 
     </span>
    </p>
   </div>
   <div class='ocr_carea' id='block_1_9' title="bbox 1657 3185 2030 3276">
    <p class='ocr_par' dir='ltr' id='par_1_9' title="bbox 1657 3185 2030 3276">
     <span class='ocr_line' id='line_1_34' title="bbox 1657 3185 2030 3276; baseline -0.008 -14"><span class='ocrx_word' id='word_1_190' title='bbox 1657 3185 2030 3276; x_wconf 63' lang='lat' dir='ltr'><strong>dedicavitae⁸</strong></span> 
     </span>
    </p>
   </div>
  </div>
 </body>
</html>
