2294 3870
576 174 774 252 L‘rn.
824 178 916 251 X.
973 171 1581 250 ANNALIUM(
1705 181 1891 275 257'

317 292 812 370 &dicturumm
872 297 1217 391 Dominos
1270 297 1515 398 pariter
1570 296 1799 371 exosus
1822 356 1847 388 ,

323 400 446 494 qui
480 424 650 503 aegta
688 395 1058 497 affestaque
1099 399 1435 500 mancipia
1457 398 1535 470 in
1557 396 1846 471 insulam
1877 393 2027 446 Λϋ
2050 394 2151 445 0⁹⁴
2188 462 2195 469 .

322 496 678 598 AEsculapii
738 496 938 571 taedio
989 497 1320 572 medendi
1376 523 1791 599 exponerent
1824 556 1850 587 ,
1939 492 2097 543 799..

319 591 584 669 sanxit«
603 625 880 687 omnm,
905 600 1024 697 qui
1043 622 1573 699 exponerentur,
1600 598 1849 673 liberos
1922 574 1972 627 ι’
2009 576 2077 645 C'

319 695 523 770 afore
539 754 560 786 ‚
589 725 710 771 nec
729 698 1060 771 redituros
1085 700 1161 769 in
1184 697 1519 771 ditionem
1544 698 1850 788 domini,

318 795 428 873 »Β
479 796 958 871 convaluissent
997 828 1014 867 ι
1073 795 1261 895 quod
1309 796 1357 869 fi
1410 797 1557 896 quis
1608 825 1849 873 necare
1884 870 1895 877 .

320 923 584 994 »quem
605 897 841 969 mallet
857 895 1066 994 quam
1086 921 1419 997 exponere
1433 954 1455 985 ‚
1478 922 1638 971 eum
1656 898 1849 974 caedis

319 1021 664 1077 :crimine
703 1020 1008 1069 tenen».
1099 1030 1106 1037 ·

405 1097 666 1169 XXX.
705 1097 986 1170 VERUM
1019 1094 1103 1167 ab
1139 1122 1329 1195 aequo
1374 1094 1463 1169 ad
1498 1098 1852 1171 temeraria

320 1195 463 1268 cito
507 1192 890 1293 degreffus‘,
943 1200 1012 1268 &
1063 1222 1233 1295 aegre
1289 1192 1511 1269 ferens
1558 1194 1855 1271 absentia

319 1294 750 1395 litigatorum
773 1351 794 1382 ‚
839 1294 959 1392 qui
986 1321 1072 1367 ne
1100 1293 1293 1366 causa
1322 1293 1639 1369 caderent
1664 1322 1859 1369 vere-

320 1394 572 1465 bantur
587 1450 610 1481 ,
633 1394 883 1490 judicia
901 1391 1013 1466 vel
1030 1391 1355 1466 retardari
1374 1392 1485 1467 vel
1498 1393 1815 1494 impediri
1834 1451 1858 1483 ,

324 1494 784 1594 pronuntiavit
819 1491 941 1566 etse
967 1491 1351 1567 absentibus
1377 1496 1563 1591 teque
1600 1522 1673 1565 ac
1696 1520 1859 1606 prae-

323 1589 670 1666 »sentibus
733 1590 996 1665 causam
1053 1593 1391 1667 dicturum
1422 1628 1494 1666 σο.
1572 1592 1855 1669 Demde
1926 1634 1947 1667 --

325 1692 515 1765 nullo
547 1692 814 1766 delectu
843 1692 1125 1795 culpane
1152 1695 1301 1794 quis
1323 1752 1345 1783 ‚
1374 1722 1461 1767 an
1487 1692 1712 1793 aliqua
1736 1722 1855 1769 ne-

327 1792 611 1866 ceffitate
639 1790 929 1866 cessaffet
955 1848 978 1879 ,
1012 1791 1422 1867 'sententiam
1448 1792 1625 1865 tulit.
1660 1793 1853 1867 Cum

327 1916 559 1966 tamen
571 1891 807 1991 vulgus
822 1890 1110 1965 utilitate
1127 1890 1395 1992 publica
1407 1892 1629 1966 minus
1645 1890 1856 1990 quam

325 1992 676 2090 voluptate
711 2015 1062 2063 moveatur
1087 2047 1108 2076 ,
1158 1993 1293 2062 haec
1313 1989 1729 2086 judiciorum
1759 1987 1891 2065 te·-

324 2093 606 2166 meritas
640 2087 822 2160 haud
857 2088 952 2160 ita
989 2085 1119 2158 fuit
1156 2087 1438 2188 ingrata.
1487 2084 1583 2159 At
1622 2088 1860 2162 eviluit

324 2191 600 2265 uxorius
631 2186 945 2289 Princeps
969 2244 992 2276 ,
1035 2187 1223 2285 quod
1264 2187 1590 2260 Sabinum
1612 2245 1635 2277 ,
1680 2189 1858 2260 Caio
1948 2205 1955 2214 ·

324 2290 761 2392 imperitante
806 2345 829 2377 ‚
896 2286 1134 2362 Galliae
1188 2285 1577 2390 praefestum
1618 2345 1639 2377 ‚
1706 2312 1859 2360 tum
1906 2322 1911 2330 ·

328 2391 537 2466 morti
583 2391 656 2462 in
703 2388 1105 2488 gladiatorio
1151 2389 1521 2464 certamine
1567 2388 1860 2462 destina-

330 2518 480 2566 tum
507 2549 529 2580 ,
567 2485 926 2562 Messalina
948 2486 1041 2559 ob
1070 2488 1555 2564 adulteriorum
1582 2488 1863 2564 societa-
1897 2499 1919 2528 ⁸

329 2597 472 2666 te'm
496 2585 822 2664 servaffet.
853 2587 1130 2660 Femina
1156 2645 1177 2676 ‚
1219 2613 1407 2662 atrox
1438 2589 1807 2663 libidinum
1833 2645 1858 2678 ‚

333 2719 494 2792 quas
523 2713 756 2790 praeter
786 2684 1163 2760 Claudium
1194 2689 1419 2760 cuncti
1453 2687 1805 2762 noscerent
1831 2746 1854 2777 ‚

335 2785 666 2891 majorem
685 2787 905 2860 adhuc
925 2785 1259 2861 invidiam
1276 2786 1636 2860 concitavit
1654 2843 1677 2873 ,
1698 2786 1859 2861 cum

335 2892 751 2966 Mnesterem
779 2943 802 2976 ,
851 2887 954 2960 his
1004 2887 1423 2988 temporibus
1477 2885 1857 2960 histrionici}

336 2990 536 3065 laude
558 2988 902 3061 summum
925 3043 946 3076 ,
989 2989 1221 3090 stupris
1247 2988 1341 3060 ita
1364 2983 1735 3088 inligaffet‚
1780 3013 1855 3062 ut

334 3118 462 3172 nec
489 3117 650 3166 eum
673 3087 748 3162 in
778 3084 1046 3182 scenam
1087 3087 1358 3193 prodite
1391 3087 1633 3165 smeret
1656 3144 1681 3180 ‚
1727 3115 1855 3168 nec

1948 666 2075 729 46..·
2114 706 2119 711 .
2218 666 2233 675 ’
