2294 3870
486 198 631 277 12'6
821 203 1662 271 SUPPLEMENTU'M

105 310 111 323 ’
216 354 451 405 ΞΕ
479 316 923 397 „muneribus
946 317 1050 393 vir
1072 318 1296 391 virum
1319 315 1382 391 le
1435 342 1614 409 eret,
1637 316 1753 392 sed
1770 342 2036 395 omne&

218 428 285 481 Δ·
308 424 371 477 U'·
394 426 454 476 C·
482 418 927 524 »proeliorum
984 446 1177 493 more
1235 346 1603 491 conkgertim
1667 418 2030 535 adpugna-f·

270 524 407 577 791·

266 604 314 653 J.
345 602 407 650 c,

282 686 384 761 38·

482 546 688 596 arent
707 555 779 592 n.
828 520 987 591 Non
1012 527 1154 618 jam
1179 517 1460 608 sudore,
1503 545 1571 593 at
1595 518 1917 623 sanguine
1947 532 2026 595 δε

485 646 706 699 morte
743 644 1073 717 certatur.v
1100 618 1514 693 Animarum
1551 620 1810 696 vilitate
1838 681 1860 712 ‚
1904 649 2030 723 po-

482 722 778 829 puloque
799 719 887 792 ad
904 718 1019 793 sua
1032 716 1271 795 funera
1290 719 1655 821 plaudente
1668 780 1690 810 ,
1709 722 2030 797 efferatus

480 825 799 923 Princeps
835 819 1101 922 quosvis
1142 821 1234 895 ad
1267 820 1476 894 caedes
1510 822 1796 923 postulat
1835 854 1851 897 ε
1914 821 2030 896 sex

480 936 552 1001 δι
580 923 826 1024 viginti
844 925 1106 1023 equites
1130 918 1403 996 funebri
1425 950 1705 996 munere
1717 924 2034 1037 perimit.

478 1023 811 1123 Cumque
840 1052 1222 1125 numquam
1250 1023 1331 1096 fit
1357 1022 1768 1102 crudelitatis
1795 1023 1989 1097 satias
2005 1082 2030 1115 ,

481 1137 557 1201 &
610 1124 980 1223 aliquando
1037 1124 1348 1197 damnati
1401 1123 1489 1196 ad
1537 1122 1792 1198 belluas
1845 1124 2034 1199 haud

483 1222 867 1302 sufficerent
897 1282 919 1313 ‚
976 1225 1168 1324 jubet
1209 1258 1250 1290 oc
1275 1222 1678 1327 spectatores
1734 1225 2032 1327 corripi,

484 1322 951 1429 :opraecisisque
987 1325 1234 1429 linguis
1251 1360 1328 1416 a»,
1375 1350 1451 1398 ut
1479 1326 1741 1426 questus
1787 1336 1858 1401 δε
1896 1327 2038 1399 mi-

488 1427 734 1503 seratio
760 1426 1251 1501 intercludatur
1278 1484 1300 1515 ‚
1339 1458 1380 1489 α
1396 1425 1482 1497 ad
1505 1424 1678 1500 feras
1703 1426 1940 1528 pro'ici
1957 1455 2040 1498 »ε

486 1556 618 1604 nec
640 1527 882 1603 vesano
904 1526 1154 1616 furori,
1170 1525 1292 1598 nifi
1309 1525 1678 1601 levioribus
1697 1456 1988 1602 caecsibus
2010 1583 2038 1619 ,

490 1652 851 1729 temperat.

592 1730 827 1801 XXX.
865 1724 1159 1797 MAcno
1193 1722 1450 1827 primus
1489 1723 1563 1797 in
1607 1752 1838 1827 poenas
1877 1726 2044 1802 ruit.

489 1831 742 1905 Certus
760 1824 1069 1902 insanam
1086 1824 1638 1900 dominationem
1657 1883 1679 1916 ,
1707 1827 1780 1899 in
1806 1825 1996 1901 suam
2016 1888 2044 1921 ,

491 1930 768 2034 ejusque
795 1934 1149 2005 auctorum
1172 1987 1194 2020 ,
1222 1928 1489 2004 ruinam
1510 1955 1784 2031 vergere
1809 1987 1831 2020 ,
1854 1930 2048 2004 Prin-

492 2033 724 2137 cipem
745 2092 767 2125 ,
818 2060 1031 2134 quem
1063 2056 1166 2105 ter
1202 2031 1410 2105 morti
1438 2088 1460 2121 ,
1503 2031 1882 2133 imperante
1910 2031 2047 2103 Ti-

495 2135 696 2210 berio
722 2193 744 2226 ,
786 2133 1196 2209 subduxerat
1220 2193 1242 2223 ,
1281 2144 1353 2209 &
1379 2131 1656 2205 summae
1684 2133 1782 2207 tei
1807 2131 2052 2206 'admo-

496 2263 726 2324 ¹veterat,
772 2234 1262 2308 moderationis
1283 2288 1306 2318 ,
1345 2230 1763 2320 clementiae,
1804 2233 2050 2306 huma-
2097 2311 2104 2318 ⁵

498 2337 731 2408 nitatis
780 2331 1128 2405 monebat.
1185 2327 1489 2412 Consilia
1508 2383 1532 2415 ,
1577 2355 1666 2400 ne
1708 2331 1783 2401 in
1817 2332 2052 2408 Silano

498 2430 788 2531 quidem
826 2486 850 2518 ,
913 2428 1143 2501 socero
1171 2483 1193 2516 ,
1246 2436 1318 2501 δε
1383 2451 1667 2529 expertae
1721 2429 1991 2508 virtutis
2023 2491 2050 2526 ‚

492 2529 787 2605 tolerata
812 2587 835 2620 ,
888 2528 964 2602 in
1007 2529 1344 2622 Macrone
1370 2585 1393 2618 ,
1449 2528 1804 2629 quondam
1853 2533 2052 2607 adul-

496 2632 836 2707 teriorum
896 2627 1157 2706 suasore
1201 2689 1226 2722 ,
1293 2656 1487 2706 erant
1545 2632 1762 2734 magis
1818 2634 2054 2712 invisa.

498 2731 980 2811 ‚Diffimulavit
1001 2757 1234 2808 tamen
1257 2730 1478 2807 Caesar
1496 2791 1518 2821 ,
1553 2735 1799 2807 veteris
1826 2737 2054 2837 gratiae

502 2861 784 2911 -memot
805 2893 827 2926 ,
872 2863 958 2908 an
1049 2835 1337 2909 taetorias
1387 2833 1728 2938 cohortesx
1751 2837 2000 2911 veritus
2032 2867 2054 2912 t

502 2963 675 3010 mox
715 2994 737 3027 ,
810 2959 885 3008 ut
957 2864 1157 3006 illum
1206 2932 1606 3008 -honorifice
1670 2962 1988 3012 amoveat
2028 2993 2056 3028 ,

512 3039 880 3139 AEgyptum
909 3035 971 3110 ei
998 3035 1303 3108 destinat.
1338 3033 1436 3106 At
1468 3031 1626 3107 cum
1657 3035 1831 3136 apud
1855 3040 2057 3116 Prin-

504 3161 696 3240 cipes
739 3137 957 3240 gravis
1003 3133 1081 3215 fit
1126 3133 1621 3213 beneficiorum
1669 3138 2064 3248 memoria„⁸
