2294 3870
539 142 1572 219 ANNAtruML1n.V1.
1750 154 1831 220 81

287 264 490 360 tetuli
525 323 551 356 ,
617 291 740 368 per
795 263 1108 366 abruptas
1174 289 1375 337 venas
1435 262 1839 366 sanguinem
1866 311 2111 358 Ξ,

282 361 531 444 effudit
557 395 582 462 3
634 364 1085 464 aemulataque
1122 364 1214 437 est
1242 373 1535 464 conjunx
1556 369 1785 440 Paxaea
1817 398 1833 440 z
1870 375 1929 428 A.
1952 379 2016 428 U·
2036 375 2101 428 C·

286 497 456 542 nam
538 494 692 539 rom
744 491 844 538 tas
879 463 1215 565 ejusmodi
1256 490 1559 554 morte8‚
1611 493 1833 542 metus
1918 461 2057 521 ⁷⁸⁷·

285 568 471 642 carn‘
529 568 622 641 cis
693 565 994 641 aciebat:
1029 576 1101 641 δε
1125 566 1287 665 quia
1314 565 1665 656 damnati3
1707 597 1835 671 pu-

283 669 554 744 blicatis
585 666 784 741 bonis
815 724 839 756 ‚
879 663 1219 768 sepultura
1248 667 1782 768 prohibebantur
1810 699 1835 767 3

281 796 532 843 eorum
561 769 683 868 qui
711 768 800 842 de
827 766 896 842 se
925 765 1303 856 statuebant
1328 823 1351 856 ‚
1383 767 1839 844 humabantur

285 896 614 970 corpora,
663 868 1044 942 manebant
1071 869 1469 942 testamenta
1489 925 1511 958 ‚
1585 871 1836 945 retium

287 967 680 1044 festinandi.
729 968 861 1042 Sed
891 969 1114 1042 Caesar
1133 1023 1157 1056 ,
1186 967 1388 1040 miffis
1417 968 1504 1041 ad
1558 996 1837 1063 enatum
1902 1056 1910 1063 ,

291 1069 506 1144 literis
541 1127 564 1158 ,
611 1066 914 1142 disseruit
940 1123 962 1158 ,
1018 1101 1062 1132 α
1082 1094 1353 1141 morem
1382 1065 1575 1144 fuiss‘e
1616 1081 1837 1173 majo-

287 1171 538 1242 mribus
561 1227 584 1257 ‚
631 1169 946 1269 quotiens
997 1168 1421 1242 dirimerent·
1454 1171 1787 1246 amicitias
1812 1231 1836 1264 ‚

293 1269 756 1344 „interdicere
777 1270 994 1343 domo
1009 1326 1032 1358 ‚
1059 1295 1363 1366 eumque
1386 1267 1598 1344 finem
1614 1275 1841 1373 gratiae

291 1405 340 1438 :o
348 1397 654 1472 ponere:
698 1370 772 1443 id
822 1369 890 1444 se
937 1365 1321 1471 repetivisse
1361 1369 1435 1440 in
1470 1371 1840 1447 Labeone:

289 1496 555 1570 :eatque
607 1467 808 1544 illum
843 1527 867 1559 ‚
924 1471 1088 1570 quia
1137 1467 1322 1541 male
1370 1468 1841 1546 administratae

291 1571 656 1674 provinciae
683 1628 706 1660 ‚
755 1569 1186 1670 aliorumque
1230 1569 1598 1646 criminum
1639 1600 1719 1646 ur
1767 1601 1842 1648 e·-

285 1673 546 1746 aobatur
572 1729 596 1761 ‚
629 1670 902 1772 culpam
933 1669 1192 1747 invidia
1218 1669 1529 1746 velaviffe
1553 1730 1577 1762 ‚
1606 1603 1799 1750 frug:

287 1770 722 1847 „conterrita
746 1797 949 1847 uxore
971 1829 993 1862 ,
1018 1799 1229 1872 quam
1249 1828 1272 1860 ‚
1300 1769 1420 1850 etfi
1441 1799 1842 1866 nocentem,

1910 548 1958 597 J.
1990 548 2059 598 C.

1930 642 2029 702 342

1802 1703 1841 1748 a
1948 1705 1961 1720 ,

289 1872 637 1976 »periculi
675 1899 908 1947 tamen
953 1897 1300 1975 expertem
1338 1869 1626 1950 fuiffeae.
1678 1878 1845 1949 Ma-
1940 1966 1945 1973 ,

291 2000 579 2047 mercus
623 1971 784 2046 dein
811 1976 1084 2049 Scaurus
1125 1971 1390 2053 rursum
1431 1974 1796 2075 postulatur
1820 2034 1845 2065 ,

290 2072 428 2148 infi
477 2074 588 2145 nis
621 2072 969 2149 nobilitate
1003 2084 1076 2149 &
1111 2073 1386 2145 orandis
1417 2074 1621 2147 caulis
1644 2132 1667 2163 ,
1710 2075 1853 2151 vita

346 2103 664 2247 rogrosus
700 2204 717 2245 ε
771 2174 945 2247 nihil
991 2172 1175 2249 hunc
1222 2171 1525 2260 amicitia
1575 2176 1850 2274 SeJ'ani,

285 2204 418 2375 fed
479 2271 802 2350 labefecit
859 2275 1046 2348 haud
1105 2273 1335 2349 minus
1394 2272 1701 2350 validum
1759 2276 1851 2352 ad

290 2376 500 2451 exitia
528 2376 886 2461 Macronis
913 2375 1158 2477 odium
1179 2434 1202 2466 ,
1226 2375 1348 2477 qui
1376 2374 1648 2453 easdem
1674 2402 1852 2455 artes

291 2474 627 2551 occultius
677 2476 1082 2551 exercebam
1128 2475 1597 2581 detuleratque
1647 2504 1851 2581 argu-

299 2584 628 2652 mentum
679 2577 1028 2679 tragoediae
1073 2636 1096 2669 ,
1156 2607 1199 2653 a
1248 2581 1496 2655 Scauro
1544 2579 1859 2680 scriptae,'

302 2679 558 2752 additis
584 2676 884 2759 versibus
903 2736 926 2768 ,
974 2680 1096 2779 qui
1126 2678 1201 2751 in
1228 2679 1593 2755 Tiberium
1624 2678 1857 2753 flecte-

299 2806 561 2853 rentur.
627 2777 902 2853 Verum
947 2780 1033 2853 ab
1073 2777 1358 2855 Servilio
1407 2789 1481 2854 δι’
1522 2775 1857 2851 Cornelio

303 2878 812 2953 accusatoribus
833 2937 856 2969 ‚
903 2910 946 2943 ot
967 2879 1379 2955 adulterium
1408 2879 1616 2955 Liviae
1646 2935 1669 2967 ‚
1718 2904 1860 2955 ma·-

297 3007 613 3081 angorum
651 2978 894 3053 sacram
938 2979 1473 3080 objectabantur.
1534 2982 1809 3058 Scaurus
1832 3039 1857 3073 ,

303 3104 379 3171 ut
426 3080 732 3185 dignum
781 3080 1124 3165 veteribus
1170 3081 1465 3161 AEmiliis
1495 3079 1858 3258 bdamm]

871 3220 876 3227 ’
1619 3208 1667 3271 ἲ
