2294 3870
589 184 1565 265 L-xn.V.ANNA1.1um.
1748 215 1837 290 33·

229 367 242 376 .
297 301 370 395 in
395 307 658 384 viscera
686 307 933 382 direxit
956 335 982 403 3
1033 303 1400 408 vulnusque
1428 307 1787 386 ostendens
1812 367 1837 403 ,
1868 333 2097 386 Ξ-

293 438 350 474 ²«
372 408 682 501 Referp,
725 409 820 480 ait
842 463 866 498 ,
910 405 1223 481 oesenatui
1248 465 1270 497 ‚
1319 407 1405 483 sic
1446 411 1673 485 virum
1714 440 1836 485 oc-
1866 403 1929 456 Α·
1952 407 2013 458 ⁰·
2034 400 2105 464 α’

301 545 348 578 ω
359 510 683 586 cumbere
695 543 738 574 ω
751 563 768 580 .
786 505 1024 581 Publia
1038 505 1277 598 Prisca,
1290 510 1615 584 maritum
1630 539 1837 586 aemu-

304 608 480 684 latur
509 640 526 683 :
567 611 644 684 in
681 617 784 708 jus
816 633 1055 681 vocata
1077 662 1102 698 ,
1135 610 1391 684 curiam
1420 613 1654 709 venit3
1700 612 1835 686 ibi-

303 737 439 810 que
465 767 488 801 ‚
541 710 842 813 pugione
867 765 892 798 ,
947 735 1159 809 quem
1208 706 1351 786 smil
1400 713 1782 789 occuluerat
1810 771 1837 806 ,

303 809 546 887 adacto
574 867 598 900 ,
645 835 918 884 mortua
959 809 1232 883 corruit.

399 911 714 988 XXVII.
767 912 1104 1004 SEJAnuM
1158 933 1263 984 tot
1313 906 1683 998 funeribus,
1706 912 1839 988 do·-

299 1013 671 1094 minationi
695 1011 1074 1085 inhiantem
1099 1007 1189 1082 ad
1208 1038 1488 1112 magnas
1513 1007 1659 1116 spes
1685 1011 1841 1090 casu

302 1143 393 1208 an
420 1110 706 1209 consilio
739 1135 958 1212 patres
989 1136 1257 1186 erexere
1278 1140 1302 1183 ,ε
1336 1121 1477 1212 ejus
1508 1115 1698 1187 enim
1733 1111 1841 1188 fa-

304 1240 479 1293 vote
533 1224 604 1288 &
649 1210 930 1286 Caesaris
980 1208 1191 1285 literis
1248 1215 1546 1312 permoti
1584 1269 1608 1304 ,
1668 1213 1843 1314 quid

301 1311 653 1390 summum
689 1313 782 1386 in.
799 1309 1192 1386 adulatione
1221 1309 1488 1385 valeant
1512 1369 1535 1403 ‚
1577 1312 1845 1387 consul·

297 1439 471 1490 tant.
501 1411 797 1490 Visum«
816 1410 1355 1514 praecellentem,
1380 1409 1499 1486 sed
1524 1411 1845 1505 brevem,

296 1513 487 1590 aeffe
525 1510 904 1591 consulatus
942 1509 1354 1614 dignitatem
1382 1541 1401 1583 z
1449 1511 1845 1590 consultiffi-

296 1642 551 1689 :omum
580 1611 727 1687 fore
750 1671 773 1703 ‚
799 1611 849 1684 fi
873 1637 1344 1715 prorogaretur
1360 1646 1435 1684 n.
1456 1613 1844 1690 Decretum

289 1717 528 1817 ,itaque
560 1748 608 1779 o:
627 1711 966 1788 Caesarem
1007 1741 1082 1785 ac
1121 1713 1441 1813 Sejanum
1484 1741 1605 1816 per
1644 1715 1845 1816 quin-

293 1815 738 1917 :nquennium
797 1809 1218 1886 consulatum
1280 1813 1787 1889 continuaturos
1815 1843 1843 1912 3

290 1928 413 1993 a&
427 1917 520 1991 iis
543 1974 568 2005 ‚
600 1915 762 1989 cum
778 1917 1084 1988 Romam
1104 1913 1436 1986 intrarent
1458 1970 1480 2002 ,
1507 1910 1847 1991 senatores

292 2017 642 2092 »obviam
669 2010 1128 2115 proceffurosae
1143 2068 1161 2086 .
1180 2014 1497 2110 Seianum
1520 2070 1542 2101 ‚
1565 2016 1845 2091 honoris

291 2140 656 2204 recentem
682 2169 708 2201 ,
753 2122 828 2185 &
881 2106 1134 2183 excelsa
1186 2108 1610 2213 pedetentim
1638 2169 1660 2200 ,
1701 2142 1849 2187 ‚non

297 2216 550 2294 cursim
575 2271 598 2303 ‚
649 2211 797 2315 peti
831 2206 1134 2285 nescium
1157 2263 1180 2296 ,
1228 2207 1524 2282 obcaecat
1566 2209 1858 2313 dignita-

295 2321 388 2394 tis
437 2312 850 2389 diuturnitas
866 2369 889 2399 ,
949 2307 1275 2409 Principis
1324 2304 1638 2409 sene&a;
1674 2320 1845 2413 jam-

295 2443 438 2521 que
469 2414 808 2488 summam
842 2408 1034 2511 spem
1066 2408 1381 2511 ptaecipit.

293 2514 299 2519 ’
400 2516 742 2592 XXVIII.
785 2510 900 2585 Ατ
928 2530 1048 2583 um·
1068 2506 1720 2585 senatusconsultum
1754 2516 1847 2593 ad

299 2615 642 2692 Caesarem
669 2610 1006 2716 perlatum
1023 2667 1046 2700 ,
1071 2635 1404 2711 quantum
1432 2638 1471 2684 e
1498 2613 1849 2714 republica

297 2742 647 2820 peteretur
693 2710 1010 2815 persensit
1039 2740 1058 2781 ι
1101 2712 1196 2785 ἠε
1241 2736 1476 2784 tamen
1498 2711 1850 2789 ”ambitio-'-

295 2846 476 2893 nem
498 2842 610 2890 aut
639 2812 960 2889 facilitate
1030 2836 1410 2901 revocaret,
1444 2834 1560 2907 aut
1584 2812 1849 2915 repulsa

293 2919 616 2999 ,inritaret
644 2974 666 3005 ,
709 2912 905 2989 rescri
952 2840 1030 2986 lii
1059 2970 1081 3002 ,
1114 2913 1243 2986 etin
1268 2914 1395 3011 haq
1421 2912 1845 3014 optimorum

294 3017 747 3107 asenatorum
775 2944 1214 3091 muliitudine
1242 3072 1277 3113 ,Ι
1300 3012 1575 3115 imperii
1604 3016 1845 3120 ampli-

307 3120 602 3215 >tudine
630 3174 654 3213 ,
674 3117 1004 3221 sapienter
1027 3146 1068 3192 a
1087 3115 1455 3217 majoribus
1478 3116 1851 3223 provisumz·

1498 3215 1646 3312 ΒΥ,

1914 495 2057 560 784-

1914 593 1964 644 J.
1998 589 2069 650 cs

1930 689 2039 756 3⁸·
