2294 3870
436 124 583 191 ’128
790 124 1634 192 SUPPLEMENTUM

173 268 408 316 Q?
438 267 589 312 rum
613 237 926 309 omnium
948 236 1154 336 atque
1173 238 1444 340 impe-rii
1469 264 1638 339 aeger
1663 235 1976 310 institue-⁶

178 336 239 385 A.
263 336 327 385 υ·
350 335 410 384 C·
440 364 556 411 rat.
604 338 962 409 Mortuam
994 335 1239 411 vesano
1273 356 1553 411 maerore
1633 336 1973 412 rosecutus

228 431 359 485 ⁷⁹¹·
449 471 489 503 ct
509 436 891 538 justitium»
947 437 1233 535 quidem
1259 493 1281 526 ,
1321 435 1550 511 oefunu
1581 464 1714 539 que
1746 437 1975 540 publi-

220 510 363 648 ³'8C'
437 565 709 611 ancum»
740 535 988 609 edixit:
1042 562 1109 609 at
1155 536 1400 614 eadem
1434 540 1509 611 in
1540 538 1724 612 ludtu
1757 595 1779 627 ,
1826 565 1976 638 quae

238 606 269 667 3
314 628 335 652 ⁹
438 636 655 713 fuerat
676 638 746 709 in
766 636 1055 712 libidine
1082 639 1342 728 ,animi
1367 639 1587 712 intem
1639 640 1814 728 erie,
1847 665 1977 711 nec

437 736 761 837 exsequiis
806 733 1120 812 interfuit
1145 796 1169 829 ,
1214 766 1340 813 nec
1381 740 1544 837 justa
1602 741 1784 811 orori
1871 764 1980 811 ete-

435 837 635 911 solvit
684 869 700 909 z
770 838 1055 941 pudoris
1102 841 1199 913 ita
1231 838 1508 913 ‘oblitus
1535 896 1556 928 ‚
1619 864 1694 911 ut
1723 896 1746 928 ‚
1803 766 1982 911 ‹i'um

436 938 649 1012 Urbis
676 938 951 1041 plandffl
975 938 1427 1039 omnibusque
1455 938 1726 1012 tristitiae
1748 940 1982 1011 imita-

435 1041 692 1113 mentis
714 1038 1171 1129 funerabatur,
1195 1070 1232 1112 a
1254 1044 1364 1113 M.
1379 1039 1644 1142 Lepido
1672 1038 1938 1113 laudata
1959 1098 1984 1129 ‚

436 1137 578 1242 ipse
608 1142 680 1211 in
708 1138 982 1215 Albano
1008 1140 1127 1215 suo
1147 1137 1399 1215 tesseris
1423 1198 1444 1229 ‚
1485 1168 1562 1212 ac
1587 1137 1740 1213 foro
1758 1197 1780 1230 ,
1813 1138 1986 1212 aliis-

440 1268 577 1341 que
610 1240 803 1315 idem
838 1241 1129 1317 levitatis
1157 1240 1711 1345 occupationibus
1737 1298 1760 1331 ,
1793 1239 1988 1315 inde-

444 1369 605 1437 cora
633 1368 930 1445 captaret
962 1342 1216 1417 solatia.
1531 1398 1536 1401 -

555 1446 899 1517 XXXIII.
933 1446 1123 1515 Mox
1164 1441 1419 1516 doloris
1447 1441 1809 1544 impatiens
1840 1496 1862 1529 ,
1915 1448 1992 1514 δε
2041 1524 2048 1530 ,

445 1543 536 1617 ab
576 1544 947 1637 hominurn
989 1543 1302 1614 convictu
1394 1540 1670 1641 tofugus
1697 1598 1720 1631 ‚
1781 1539 1994 1614 barb&

444 1640 833 1742 capilloque·
848 1638 1220 1741 promissos,
1246 1570 1454 1714 ltaiiae
1479 1668 1553 1712 ac
1580 1640 1817 1713 Siciliae
1842 1668 1996 1715 oras

442 1741 863 1816 errabundus
890 1742 1330 1843 permetitur:
1354 1764 1617 1815 mutato
1641 1739 1805 1814 dein
1833 1768 1998 1814 con-

336 1886 345 1893 ·
444 1841 595 1915 filio
624 1898 667 1933 ,-
697 1841 1019 1942 Syracusis
1075 1846 1359 1947 propere
1407 1846 1711 1929 Romam
1763 1841 1944 1915 redit
1968 1898 1998 1933 ,

448 1971 673 2020 certus
704 1973 844 2022 non
878 1946 1252 2049 lugendam
1277 2004 1300 2037 ‚
1343 1945 1461 2021 sed
1495 1943 1858 2018 colendam
1887 1941 1996 2016 so-

449 2075 705 2124 rorem.
756 2049 1122 2150 Quidquid
1151 2049 1492 2122 honorum
1515 2045 1774 2121 senatus
1788 2043 1996 2118 Liviae

451 2150 783 2225 tribuerat
805 2207 829 2238 ,
874 2153 1095 2224 statim
1120 2151 1194 2220 in
1221 2147 1594 2220 Drusillam
1620 2145 1946 2218 collatum
1970 2171 1996 2240 3

448 2253 908 2344 statutumque
936 2281 978 2310 α
997 2273 1069 2318 ut
1096 2245 1376 2318 caelestes
1403 2243 1766 2342 religiones
1793 2245 2000 2320 habe·-

412 2381 417 2384 ·
448 2380 495 2412 :n
508 2371 611 2418 ret
635 2375 651 2415 ε
673 2371 869 2438 aurea
888 2353 1027 2441 ejus
1046 2339 1160 2416 effi
1205 2343 1301 2415 ies
1321 2366 1684 2443 poneretur
1699 2342 1771 2414 in
1788 2343 1998 2440 curi&

442 2443 715 2517 »altera
758 2440 938 2514 foret
978 2442 1054 2514 in
1092 2469 1142 2514 ae
1197 2441 1549 2520 eVeneris
1574 2500 1597 2533 ‚
1655 2445 2002 2542 majestate

449 2572 582 2617 mac
615 2540 803 2636 cultu
827 2542 1008 2616 haud
1036 2543 1260 2646 impar
1289 2573 1306 2616 t
1352 2543 1691 2660 templum
1721 2571 1998 2645 quoque

450 2643 631 2747 aipfi
662 2643 998 2719 dicaretur
1029 2675 1046 2718 ε
1090 2647 1326 2722 statuas
1359 2644 1677 2720 muheres
1707 2647 1892 2744 aeque
1921 2673 1998 2724 ac

454 2746 642 2820 „viri
690 2744 1209 2822 consecrarent:
1257 2774 1378 2847 per
1417 2756 1556 2848 ejus
1590 2747 1849 2820 nomen
1894 2753 2002 2843 ju*

456 2871 739 2921 :orarent
786 2844 1057 2919 feminae
1090 2875 1106 2916 z
1161 2845 1439 2944 diesque
1485 2844 1724 2918 natalis
1771 2843 1947 2922 ludis
1975 2869 2004 2935 2·

461 2943 967 3048 »Megalesium
994 2941 1320 3016 similibus
1350 3001 1372 3034 ,
1419 2944 1682 3025 sen'atfis
1707 2956 1778 3023 &
1805 2946 2010 3050 equi-2

466 3072 670 3124 vtum
697 3045 899 3152 epulo
926 3043 1472 3148 celebrareturaeg
