2294 3870
389 203 486 271 60
617 195 1291 270 C.CORN1·:1.11
1342 193 1715 278 ‘sacr-rr

121 333 358 380 ΞΞ
389 314 892 392 »convivalium
951 312 1336 392 fabularum
1398 319 1780 420 simplicitas
1834 317 1913 392 in

119 400 356 452 auc.

173 484 312 544 785.

167 573 214 622 J.
247 573 306 622 C·

187 665 284 722 32·

389 457 430 488 v
443 420 700 491 crimen
727 414 1084 490 duceretur
1098 453 1173 506 n,
1218 419 1594 520 postulavit.

499 520 627 593 Vl.
661 517 955 588 INsmNt
999 515 1217 590 visum
1256 521 1347 591 est
1387 548 1620 593 earum
1640 514 1917 589 Caesaris

386 619 730 692 literarum
756 617 1030 688 initium
1050 645 1071 712 3
1098 614 1259 689 narn
1282 617 1389 692 his
1407 620 1629 694 verbis
1654 615 1920 691 exorsus

386 722 497 794 est.
563 751 604 781 oc
627 716 820 808 Quid
862 716 1149 790 scribam
1194 718 1388 792 vobis
1414 777 1437 809 ,
1485 744 1703 820 patres
1750 746 1923 789 con-

380 815 660 919 mscripti
685 873 708 905 ,
733 841 848 888 aut
868 817 1225 916 quomodo
1244 814 1532 894 scribam
1553 874 1577 908 ,
1602 843 1715 892 aut
1747 817 1921 917 quid

379 919 724 994 »omnino
759 945 902 989 non
940 916 1228 990 scribam
1264 917 1395 992 hoc
1426 944 1568 994 tem
1616 946 1733 992 ore
1754 976 1777 1008 ‚
1818 917 1924 990 dii

378 1047 550 1092 :ome
578 1017 855 1117 deaeque
886 1026 1073 1119 pejus
1100 1018 1425 1120 perdant,
1464 1049 1513 1120 q
1600 1049 1671 1092 m
1700 1018 1920 1119 perire

348 1147 552 1192 02>me
602 1117 911 1218 quotidie
968 1117 1188 1192 sentio
1221 1177 1244 1209 ,
1306 1118 1356 1192 fi
1414 1117 1551 1192 scio
1570 1155 1642 1194 ιο.
1717 1117 1923 1192 Adeo

379 1220 688 1294 facinora
720 1244 921 1318 atque
952 1217 1203 1321 flagitia
1229 1218 1345 1294 sua
1368 1219 1490 1321 ipfi
1527 1225 1800 1320 quoque
1845 1219 1921 1292 in

380 1317 790 1422 supplicium
807 1344 1169 1393 verterant.
1196 1317 1442 1420 Neque
1471 1318 1704 1393 frustra
1728 1315 1923 1420 praess-

385 1420 789 1496 tan'tiffimus
811 1418 1163 1521 -sapientiae
1204 1420 1473 1494 firmare
1514 1419 1741 1492 solitus
1783 1421 1874 1492 est
1895 1476 1920 1507 ‚

384 1522 438 1594 fi
472 1519 902 1595 recludantur
933 1546 1369 1616 tyrannorum
1400 1545 1663 1594 mentes
1681 1578 1703 1608 ‚
1733 1518 1921 1620 poffe

386 1621 590 1723 aspici
614 1619 896 1694 laniatus
922 1631 989 1694 &
1007 1622 1174 1716 itstus
1196 1677 1217 1707 ,
1244 1621 1518 1718 quando
1542 1646 1617 1693 ut
1643 1647 1925 1720 corpora

383 1721 778 1798 verberibus
811 1778 834 1810 ,
881 1721 976 1794 ita
1004 1717 1251 1793 saevitia
1272 1776 1293 1809 ,
1343 1719 1677 1809 libidine,
1724 1719 1923 1793 malis

388 1819 706 1896 consultis
733 1877 758 1908 ,
819 1821 1082 1893 animus
1142 1818 1566 1895 dilaceretur.
1645 1821 1924 1920 Quippe

385 1922 752 1998 Tiberium
784 1948 925 1993 non
957 1919 1231 1997 fortuna
1263 1978 1284 2011 ,
1334 1950 1475 1995 non
1526 1920 1927 1995 solitudines

379 2021 834 2129 ‘protegebant
854 2077 875 2110 ,
901 2023 1070 2120 quin
1092 2038 1436 2096 tormenta
1452 2018 1739 2124 pe6koris
1758 2019 1927 2101 suass,

385 2150 520 2226 que
545 2120 682 2221 ipse
718 2148 946 2221 poenas
981 2118 1327 2196 fateretur.

493 2224 656 2297 VII.
689 2222 872 2293 TUM
907 2218 1082 2294 faeta
1111 2222 1412 2324 patribus
1440 2227 1763 2323 potestate
1796 2226 1926 2296 sta-

387 2320 628 2395 tuendi
664 2353 704 2383 c
725 2318 814 2393 de
840 2323 1213 2395 Caeciliano
1243 2319 1544 2395 senatore
1570 2380 1591 2413 ,
1629 2325 1747 2422 qui
1771 2322 1928 2425 plu-

381 2422 612 2495 mrima
671 2420 1027 2495 adversum
1077 2425 1364 2495 Cottam
1409 2421 1823 2524 prompserat
1845 2460 1925 2513 aa,

378 2521 713 2627 placitum
775 2554 817 2586 ot
856 2522 1179 2596 eamdem
1231 2550 1507 2624 poenam
1559 2524 1855 2626 inrogari
1897 2581 1925 2614 ,

381 2651 648 2724 :uquam
676 2622 748 2694 in
775 2620 1139 2698 Aruseium
1173 2635 1243 2701 &
1269 2624 1716 2723 Sanquinium
1745 2681 1767 2714 ‚
1812 2652 1927 2697 ac-

382 2722 770 2798 :ocusatores
799 2726 881 2798 L.
909 2722 1219 2798 Arruntii
1244 2754 1317 2796 »ε
1364 2752 1501 2823 quo
1534 2744 1690 2799 'non
1738 2722 1925 2799 aliud

379 2822 941 2899 honorificentius
964 2828 1188 2900 Cottae
1216 2824 1481 2909 evenit3
1525 2828 1646 2923 qui
1670 2825 1925 2900 nobilis

381 2925 673 3025 quidem
689 2981 712 3013 ,
738 2922 854 2995 sed
879 2949 1083 3021 egens
1108 2926 1201 2996 ob
1223 2924 1457 2994 luxum
1478 2980 1499 3010 ,
1524 2952 1644 3024 per
1668 2925 1925 3025 flagitia.

379 3024 661 3098 'infamis
709 3081 732 3113 ,
768 3018 1209 3095 ·san6tiffi1nis
1281 3020 1593 3097 Arruntii
1660 3006 1933 3099 artibxfs'

383 3124 718 3229 dignitate
782 3120 1057 3199 ultionis
1121 3123 1525 3227 aequabatur.
1618 3125 1920 3217 Quintus
