2294 3870
533 230 546 235 -
664 164 1581 241 ANNAMUMNoTAE.
1758 198 1897 264 347

348 278 710 349 ‚brachiorum
745 282 928 367 polypi
968 282 1177 345 crebris
1198 322 1218 353 ‚
1257 282 1473 365 insigne
1493 283 1761 349 Druidis.
1802 290 1901 350 Ad

358 364 622 427 vi5lorias
643 363 822 425 litium
843 411 862 441 ,
890 382 960 423 ac
979 384 1038 425 re
1079 382 1167 423 um
1192 360 1417 438 aditus,
1448 366 1585 426 mire
1607 365 1896 429 laudatur.-

359 461 540 505 tanroe
577 444 856 505 vanitatis
878 486 900 517 ‚
938 453 1000 503 ut
1073 441 1322 504 abentem
1368 442 1429 503 id
1468 443 1529 503 in
1558 444 1658 506 lite
1688 446 1747 507 in
1756 444 1897 528 finu

361 522 595 603 equitem
615 522 920 584 Romanum
937 543 968 582 e
987 520 1052 587 V
1043 522 1281 583 ocontiis
1295 570 1315 596 ‚
1346 543 1498 582 nunc
1526 521 1608 585 les
1629 523 1903 607 Diocejl'es'

359 601 429 663 de
450 601 507 667 V
507 602 656 683 aijz'm
681 602 744 663 ἲν
766 601 832 662 de
844 600 1000 673 Die,
1036 620 1074 660 a
1097 600 1224 662 divo
1248 598 1483 663 Claudio
1510 601 1895 681 interemptum

359 702 472 741 non
493 680 554 741 ob
578 680 930 759 aliudsciam.
963 678 1143 761 Quod
1166 678 1299 743 sane
1322 684 1560 765 contigit
1582 685 1710 765 post
1728 688 1897 750 vetita

359 760 700 822 Druidarum
724 760 892 822 [acra.

437 917 588 994 Car,
617 916 878 982 XXVII.
920 917 1224 979 Suetonius
1268 917 1588 992 Paullinus.
1644 920 1894 980 Praetorii

355 1016 474 1057 erat
520 997 729 1056 ordinis
751 1045 768 1071 ‚
812 998 939 1065 teste
974 998 1169 1059 Dione
1194 1018 1277 1057 rx
1303 1045 1320 1071 ,
1394 1019 1487 1081 ag.
1518 1010 1651 1072 670.
1693 999 1891 1059 Postea

355 1074 497 1156 saepe
532 1076 927 1137 memorabitur
974 1021 1394 1155 Annal.X1V¹:
1435 1100 1506 1149 29
1530 1084 1585 1139 &
1634 1076 1789 1162 seqq.
1830 1085 1887 1137 &

360 1157 425 1215 in
461 1156 573 1216 vita
601 1156 882 1238 Agricola:
918 1155 1068 1237 Cap.
1095 1176 1150 1231 5.
1694 1186 1705 1197 .

439 1234 734 1296 AEdemon.
773 1236 918 1296 Plin.
945 1237 1024 1310 V,
1058 1258 1110 1297 ι.

441 1317 500 1375 A
534 1312 674 1385 Caio
709 1314 945 1396 Caesare.
983 1312 1072 1377 Ut
1105 1316 1341 1377 diximus
1380 1318 1439 1375 in
1474 1315 1887 1397 supplemento

363 1392 580 1453 'Annal-
610 1393 791 1470 VIII,
847 1396 926 1467 '4-

443 1471 674 1532 Fabulis
710 1473 820 1534 cele
856 1490 1057 1536 ratum.
1103 1472 1307 1534 Praeter
1337 1474 1573 1537 Herculi
1608 1480 1665 1531 δε
1692 1469 1893 1532 Persteo

362 1551 440 1613 ibi
496 1552 743 1614 laborata
773 1600 791 1629 ‚
846 1550 1133 1613 Atlantem
1175 1574 1430 1615 montem
1475 1557 1537 1615 in
1578 1552 1769 1611 nubila
1817 1552 1895 1610 ita

366 1633 609 1691 erezstum
647 1631 944 1712 prodidere
982 1650 1193 1698 veteres,
1227 1639 1252 1708 ⁸,
1293 1653 1351 1693 ut
1392 1634 1585 1693 caelum
1626 1638 1683 1689 δε
1721 1628 1898 1689 fidera

363 1710 940 1850 Rssssrssffrgffissiii'
978 1710 1899 1852 ’ἱεζήειξοίιζὶἧᾶἕξῖἔῗὲεὲἕῖἕέἓ

363 1889 432 1926 ex
478 1832 716 1928 editione
733 1917 751 1946 ,
778 1833 966 1950 pauca,
978 1913 994 1942 ‚
1029 1830 1120 1927 sed
1143 1868 1293 1927 lestu
1318 1868 1373 1927 di
1416 1892 1489 1929 na
1518 1918 1535 1946 ,
1567 1867 1771 1948 scripsit
1798 1864 1897 1925 Cl.

367 1947 420 2005 d’
481 1949 692 2022 nville,
728 1943 1129 2008 Mdmoiremde
1169 1891 1514 2010 l'Acadffmie
1548 1947 1757 2027 Royale
1800 1944 1899 2005 des·

367 2025 768 2104 Inftriptions,
797 2026 974 2086 Tom.
997 2021 1243 2100 XXVI,
1275 2047 1409 2109 pag.
1441 2032 1514 2086 80
1542 2032 1597 2084 &
1621 2023 1734 2106 seq.
1760 2023 1901 2082 Hoc

367 2108 522 2165 enim
559 2106 708 2166 bello
745 2123 1074 2188 perventum
1113 2103 1187 2163 ad
1214 2108 1381 2178 urbes,
1397 2105 1601 2167 Alelen
1635 2110 1690 2161 &
1716 2101 1902 2161 Cilla-

368 2185 500 2245 bam
533 2232 551 2261 ‚
599 2207 748 2246 nunc
797 2183 956 2252 Helel
1007 2190 1062 2242 &
1118 2181 1505 2245 Gher-Selbin
1562 2183 1848 2243 arbitratur
1882 2203 1900 2238 ε

371 2285 508 2347 quas
539 2285 722 2325 tamen
748 2265 879 2324 inde
900 2261 1279 2326 remotiffimas
1303 2265 1363 2328 in
1382 2262 1662 2323 Phazania
1681 2307 1704 2336 ,
1733 2259 1903 2319 hodie

370 2343 424 2404 le
450 2365 594 2428 pays
620 2343 687 2405 de
716 2343 936 2428 Fezzan
955 2390 971 2419 ‚
1011 2345 1179 2424 ponit
1205 2343 1415 2404 Plinius
1443 2342 1522 2420 V,
1549 2360 1602 2418 5.

454 2501 605 2562 CAP'.
620 2499 905 2562 XXVIII.
925 2499 1227 2584 Polybium.
1249 2501 1516 2587 Polybius
1532 2549 1549 2578 ‚
1570 2498 1905 2563 Cornelium

375 2578 700 2659 Scipionem
738 2578 1071 2644 Africanum
1123 2582 1187 2639 in
1227 2581 1504 2643 ¹Africana
1550 2579 1909 2660 expeditione
1996 2591 2002 2596 ·

377 2663 666 2718 comitatus
682 2704 700 2730 ‚
719 2658 788 2716 ab
805 2679 874 2717 eo
894 2659 1118 2739 accepta
1136 2657 1299 2718 classe
1319 2682 1469 2720 anno
1483 2658 1568 2718 U.
1584 2659 1654 2720 C.
1670 2673 1909 2728 Dcwrr,

377 2757 506 2797 ante
534 2735 814 2797 Christum
851 2755 952 2810 145
985 2783 1002 2812 ,
1039 2757 1256 2817 partem
1282 2740 1434 2799 illam
1471 2739 1617 2796 orbis
1647 2735 1910 2796 scrutatus

382 2818 503 2892 est3
539 2813 803 2898 suumque
840 2819 944 2876 iter
979 2815 1296 2897 descripsit,
1337 2817 1526 2879 Plinio
1558 2813 1637 2889 V,
1669 2835 1691 2873 1
1724 2860 1741 2888 ,
1785 2829 1911 2872 rne-

381 2915 656 2955 moratum
680 2941 697 2970 ,
742 2894 835 2955 sed
873 2895 1321 2976 compendiosius
1362 2917 1469 2979 pro
1510 2893 1659 2956 tanta
1691 2895 1771 2953 rei
1803 2895 1913 2952 uti-

380 2976 531 3034 litate
561 2975 907 3058 hominisque
944 2977 1234 3057 dignitate.
1276 2977 1369 3037 De
1397 2977 1509 3036 hoc
1533 2977 1727 3036 itinere
1760 2991 1915 3054 quae-
1990 3038 2000 3045 ‚

377 3054 511 3116 dam
537 3055 652 3134 jam
673 3056 786 3122 dixi
804 3061 864 3121 in
885 3057 1072 3141 priore
1096 3051 1343 3122 editione
1364 3055 1539 3119 Tom·
1535 3052 1642 3196 {V
1644 3099 1673 3144 ,,
1685 3075 1743 3134 P·
1767 3071 1835 3132 37
1842 3073 1877 3110 0
1894 3071 1935 3131 ir

1620 3152 1675 3214 Vl
