<?xml version="1.0" encoding="UTF-8"?>
<!DOCTYPE html PUBLIC "-//W3C//DTD XHTML 1.0 Transitional//EN"
    "http://www.w3.org/TR/xhtml1/DTD/xhtml1-transitional.dtd">
<html xmlns="http://www.w3.org/1999/xhtml" xml:lang="en" lang="en">
 <head>
  <title>
</title>
<meta http-equiv="Content-Type" content="text/html;charset=utf-8" />
  <meta name='ocr-system' content='tesseract 3.04.00' />
  <meta name='ocr-capabilities' content='ocr_page ocr_carea ocr_par ocr_line ocrx_word'/>
</head>
<body>
  <div class='ocr_page' id='page_1' title='image "./operasupplement06tacigoog_0102.png"; bbox 0 0 2294 3870; ppageno 0'>
   <div class='ocr_carea' id='block_1_1' title="bbox 458 205 1878 304">
    <p class='ocr_par' dir='ltr' id='par_1_1' title="bbox 458 205 1878 304">
     <span class='ocr_line' id='line_1_1' title="bbox 458 205 1878 304; baseline 0.004 -22"><span class='ocrx_word' id='word_1_1' title='bbox 458 229 556 304; x_wconf 72' lang='lat'>‘92</span> <span class='ocrx_word' id='word_1_2' title='bbox 681 211 767 284; x_wconf 90' lang='lat' dir='ltr'>C.</span> <span class='ocrx_word' id='word_1_3' title='bbox 811 205 1353 280; x_wconf 55' lang='lat' dir='ltr'>Continui*</span> <span class='ocrx_word' id='word_1_4' title='bbox 1406 209 1777 286; x_wconf 77' lang='lat' dir='ltr'>TAcrrr</span> <span class='ocrx_word' id='word_1_5' title='bbox 1871 292 1878 299; x_wconf 62' lang='grc'><strong><em>,</em></strong></span> 
     </span>
    </p>
   </div>
   <div class='ocr_carea' id='block_1_2' title="bbox 209 324 1995 530">
    <p class='ocr_par' dir='ltr' id='par_1_2' title="bbox 209 324 1995 530">
     <span class='ocr_line' id='line_1_2' title="bbox 211 324 1995 420; baseline 0 -16"><span class='ocrx_word' id='word_1_6' title='bbox 211 353 446 404; x_wconf 52' lang='grc' dir='ltr'>εξ</span> <span class='ocrx_word' id='word_1_7' title='bbox 465 329 902 406; x_wconf 84' lang='lat' dir='ltr'>adsuetudine</span> <span class='ocrx_word' id='word_1_8' title='bbox 935 324 1277 401; x_wconf 89' lang='lat' dir='ltr'>malorum</span> <span class='ocrx_word' id='word_1_9' title='bbox 1303 384 1326 418; x_wconf 91' lang='lat'>,</span> <span class='ocrx_word' id='word_1_10' title='bbox 1364 351 1441 402; x_wconf 89' lang='lat' dir='ltr'>ut</span> <span class='ocrx_word' id='word_1_11' title='bbox 1466 353 1655 402; x_wconf 86' lang='lat' dir='ltr'>atrox</span> <span class='ocrx_word' id='word_1_12' title='bbox 1683 385 1706 420; x_wconf 89' lang='lat'><strong>,</strong></span> <span class='ocrx_word' id='word_1_13' title='bbox 1749 329 1995 406; x_wconf 64' lang='lat' dir='ltr'>advers</span> 
     </span>
     <span class='ocr_line' id='line_1_3' title="bbox 209 425 1993 530; baseline 0 -23"><span class='ocrx_word' id='word_1_14' title='bbox 209 425 275 480; x_wconf 57' lang='grc' dir='ltr'>Δ·</span> <span class='ocrx_word' id='word_1_15' title='bbox 295 429 356 476; x_wconf 76' lang='lat' dir='ltr'>U·</span> <span class='ocrx_word' id='word_1_16' title='bbox 383 427 441 478; x_wconf 78' lang='lat' dir='ltr'>C·</span> <span class='ocrx_word' id='word_1_17' title='bbox 466 432 730 507; x_wconf 79' lang='lat' dir='ltr'>rebatur</span> <span class='ocrx_word' id='word_1_18' title='bbox 754 457 777 525; x_wconf 77' lang='lat'>3</span> <span class='ocrx_word' id='word_1_19' title='bbox 828 426 947 502; x_wconf 89' lang='lat' dir='ltr'>sed</span> <span class='ocrx_word' id='word_1_20' title='bbox 975 429 1297 502; x_wconf 82' lang='lat' dir='ltr'>exterruit</span> <span class='ocrx_word' id='word_1_21' title='bbox 1321 486 1344 518; x_wconf 89' lang='lat'>‚</span> <span class='ocrx_word' id='word_1_22' title='bbox 1394 429 1583 530; x_wconf 74' lang='lat' dir='ltr'>quod</span> <span class='ocrx_word' id='word_1_23' title='bbox 1610 428 1993 507; x_wconf 85' lang='lat' dir='ltr'>Vibulenus</span> 
     </span>
    </p>
   </div>
   <div class='ocr_carea' id='block_1_3' title="bbox 269 517 405 578">
    <p class='ocr_par' dir='ltr' id='par_1_3' title="bbox 269 517 405 578">
     <span class='ocr_line' id='line_1_4' title="bbox 269 517 405 578; baseline -0.059 0"><span class='ocrx_word' id='word_1_24' title='bbox 269 517 405 578; x_wconf 79' lang='lat'><strong><em>789.</em></strong></span> 
     </span>
    </p>
   </div>
   <div class='ocr_carea' id='block_1_4' title="bbox 249 607 399 770">
    <p class='ocr_par' dir='ltr' id='par_1_4' title="bbox 249 607 399 770">
     <span class='ocr_line' id='line_1_5' title="bbox 249 607 399 664; baseline -0.027 0"><span class='ocrx_word' id='word_1_25' title='bbox 249 610 296 664; x_wconf 81' lang='lat' dir='ltr'>J.</span> <span class='ocrx_word' id='word_1_26' title='bbox 336 607 399 662; x_wconf 92' lang='lat' dir='ltr'>c.</span> 
     </span>
     <span class='ocr_line' id='line_1_6' title="bbox 275 701 368 770; baseline 0.075 -19"><span class='ocrx_word' id='word_1_27' title='bbox 275 701 368 770; x_wconf 85' lang='lat'>3⁶·</span> 
     </span>
    </p>
   </div>
   <div class='ocr_carea' id='block_1_5' title="bbox 460 529 2015 3245">
    <p class='ocr_par' dir='ltr' id='par_1_5' title="bbox 460 529 2015 2931">
     <span class='ocr_line' id='line_1_7' title="bbox 462 529 1995 634; baseline -0.001 -27"><span class='ocrx_word' id='word_1_28' title='bbox 462 531 764 634; x_wconf 86' lang='lat' dir='ltr'>Agrippa</span> <span class='ocrx_word' id='word_1_29' title='bbox 786 587 809 619; x_wconf 89' lang='lat'>‚</span> <span class='ocrx_word' id='word_1_30' title='bbox 847 555 1053 628; x_wconf 83' lang='lat' dir='ltr'>eques</span> <span class='ocrx_word' id='word_1_31' title='bbox 1075 531 1470 620; x_wconf 77' lang='lat' dir='ltr'>RomanuS,</span> <span class='ocrx_word' id='word_1_32' title='bbox 1509 529 1671 604; x_wconf 70' lang='lat' dir='ltr'>cum</span> <span class='ocrx_word' id='word_1_33' title='bbox 1696 529 1995 631; x_wconf 86' lang='lat' dir='ltr'>peroras-</span> 
     </span>
     <span class='ocr_line' id='line_1_8' title="bbox 464 628 2015 733; baseline -0.001 -26"><span class='ocrx_word' id='word_1_34' title='bbox 464 631 610 708; x_wconf 88' lang='lat' dir='ltr'>sent</span> <span class='ocrx_word' id='word_1_35' title='bbox 624 629 1052 718; x_wconf 79' lang='lat' dir='ltr'>accusatoreS,</span> <span class='ocrx_word' id='word_1_36' title='bbox 1065 631 1138 701; x_wconf 89' lang='lat' dir='ltr'>in</span> <span class='ocrx_word' id='word_1_37' title='bbox 1157 629 1293 731; x_wconf 63' lang='lat' dir='ltr'>ipsa</span> <span class='ocrx_word' id='word_1_38' title='bbox 1310 628 1491 705; x_wconf 65' lang='lat' dir='ltr'>curia</span> <span class='ocrx_word' id='word_1_39' title='bbox 1509 630 2015 733; x_wconf 60' lang='lat' dir='ltr'>depromptum,</span> 
     </span>
     <span class='ocr_line' id='line_1_9' title="bbox 462 729 1997 833; baseline -0.002 -26"><span class='ocrx_word' id='word_1_40' title='bbox 462 734 606 808; x_wconf 86' lang='lat' dir='ltr'>finu</span> <span class='ocrx_word' id='word_1_41' title='bbox 661 757 1005 806; x_wconf 88' lang='lat' dir='ltr'>venenum</span> <span class='ocrx_word' id='word_1_42' title='bbox 1059 729 1276 802; x_wconf 77' lang='lat' dir='ltr'>hausit</span> <span class='ocrx_word' id='word_1_43' title='bbox 1318 759 1341 825; x_wconf 82' lang='lat'>3</span> <span class='ocrx_word' id='word_1_44' title='bbox 1406 729 1877 833; x_wconf 84' lang='lat' dir='ltr'>prolapsusque</span> <span class='ocrx_word' id='word_1_45' title='bbox 1921 761 1997 806; x_wconf 89' lang='lat' dir='ltr'>ac</span> 
     </span>
     <span class='ocr_line' id='line_1_10' title="bbox 461 826 2001 919; baseline -0.001 -11"><span class='ocrx_word' id='word_1_46' title='bbox 461 831 909 908; x_wconf 87' lang='lat' dir='ltr'>moribundus</span> <span class='ocrx_word' id='word_1_47' title='bbox 933 887 956 919; x_wconf 87' lang='lat'>‚</span> <span class='ocrx_word' id='word_1_48' title='bbox 991 826 1311 903; x_wconf 87' lang='lat' dir='ltr'>festinatis</span> <span class='ocrx_word' id='word_1_49' title='bbox 1338 829 1657 904; x_wconf 59' lang='lat' dir='ltr'>lictorum</span> <span class='ocrx_word' id='word_1_50' title='bbox 1685 833 2001 906; x_wconf 85' lang='lat' dir='ltr'>manibus</span> 
     </span>
     <span class='ocr_line' id='line_1_11' title="bbox 460 929 2001 1031; baseline -0.003 -23"><span class='ocrx_word' id='word_1_51' title='bbox 460 935 534 1008; x_wconf 88' lang='lat' dir='ltr'>in</span> <span class='ocrx_word' id='word_1_52' title='bbox 583 957 924 1008; x_wconf 80' lang='lat' dir='ltr'>carcerem</span> <span class='ocrx_word' id='word_1_53' title='bbox 982 955 1203 1030; x_wconf 88' lang='lat' dir='ltr'>raptus</span> <span class='ocrx_word' id='word_1_54' title='bbox 1260 933 1351 1003; x_wconf 92' lang='lat' dir='ltr'>est</span> <span class='ocrx_word' id='word_1_55' title='bbox 1377 987 1402 1020; x_wconf 85' lang='lat'><strong>,</strong></span> <span class='ocrx_word' id='word_1_56' title='bbox 1457 929 1810 1031; x_wconf 84' lang='lat' dir='ltr'>faucesque</span> <span class='ocrx_word' id='word_1_57' title='bbox 1856 941 2001 1031; x_wconf 86' lang='lat' dir='ltr'>jam</span> 
     </span>
     <span class='ocr_line' id='line_1_12' title="bbox 463 1031 2000 1133; baseline -0.003 -23"><span class='ocrx_word' id='word_1_58' title='bbox 463 1035 789 1110; x_wconf 85' lang='lat' dir='ltr'>exanimis</span> <span class='ocrx_word' id='word_1_59' title='bbox 847 1031 1092 1130; x_wconf 90' lang='lat' dir='ltr'>laqueo</span> <span class='ocrx_word' id='word_1_60' title='bbox 1151 1054 1419 1105; x_wconf 84' lang='lat' dir='ltr'>vexatae.</span> <span class='ocrx_word' id='word_1_61' title='bbox 1502 1033 1611 1106; x_wconf 91' lang='lat' dir='ltr'>Ne</span> <span class='ocrx_word' id='word_1_62' title='bbox 1662 1033 2000 1133; x_wconf 84' lang='lat' dir='ltr'>Tigranes</span> 
     </span>
     <span class='ocr_line' id='line_1_13' title="bbox 463 1129 2001 1236; baseline -0.003 -28"><span class='ocrx_word' id='word_1_63' title='bbox 463 1135 749 1236; x_wconf 85' lang='lat' dir='ltr'>quidem</span> <span class='ocrx_word' id='word_1_64' title='bbox 790 1189 812 1222; x_wconf 88' lang='lat'>,</span> <span class='ocrx_word' id='word_1_65' title='bbox 875 1129 1209 1225; x_wconf 65' lang='lat' dir='ltr'>Armenia</span> <span class='ocrx_word' id='word_1_66' title='bbox 1270 1131 1623 1230; x_wconf 89' lang='lat' dir='ltr'>quondam</span> <span class='ocrx_word' id='word_1_67' title='bbox 1683 1133 1935 1232; x_wconf 90' lang='lat' dir='ltr'>potitus</span> <span class='ocrx_word' id='word_1_68' title='bbox 1978 1191 2001 1222; x_wconf 91' lang='lat'>,</span> 
     </span>
     <span class='ocr_line' id='line_1_14' title="bbox 463 1231 2003 1332; baseline -0.002 -22"><span class='ocrx_word' id='word_1_69' title='bbox 463 1263 540 1310; x_wconf 87' lang='lat' dir='ltr'>ac</span> <span class='ocrx_word' id='word_1_70' title='bbox 594 1260 754 1328; x_wconf 77' lang='lat' dir='ltr'>tunc</span> <span class='ocrx_word' id='word_1_71' title='bbox 808 1259 958 1305; x_wconf 87' lang='lat' dir='ltr'>reus</span> <span class='ocrx_word' id='word_1_72' title='bbox 994 1288 1032 1328; x_wconf 21' lang='lat'>‚·</span> <span class='ocrx_word' id='word_1_73' title='bbox 1089 1231 1376 1306; x_wconf 89' lang='lat' dir='ltr'>nomine</span> <span class='ocrx_word' id='word_1_74' title='bbox 1438 1233 1629 1332; x_wconf 89' lang='lat' dir='ltr'>regio</span> <span class='ocrx_word' id='word_1_75' title='bbox 1670 1231 1755 1304; x_wconf 74' lang='lat' dir='ltr'>—su</span> <span class='ocrx_word' id='word_1_76' title='bbox 1848 1232 2003 1307; x_wconf 81' lang='lat' dir='ltr'>licia</span> 
     </span>
     <span class='ocr_line' id='line_1_15' title="bbox 463 1261 2004 1432; baseline -0.003 -23"><span class='ocrx_word' id='word_1_77' title='bbox 463 1336 718 1409; x_wconf 84' lang='lat' dir='ltr'>civium</span> <span class='ocrx_word' id='word_1_78' title='bbox 765 1329 1024 1432; x_wconf 87' lang='lat' dir='ltr'>effugit.</span> <span class='ocrx_word' id='word_1_79' title='bbox 1079 1331 1177 1405; x_wconf 92' lang='lat' dir='ltr'>At</span> <span class='ocrx_word' id='word_1_80' title='bbox 1219 1335 1309 1405; x_wconf 91' lang='lat' dir='ltr'>C.</span> <span class='ocrx_word' id='word_1_81' title='bbox 1340 1332 1561 1406; x_wconf 85' lang='lat' dir='ltr'>Galba</span> <span class='ocrx_word' id='word_1_82' title='bbox 1593 1261 1803 1404; x_wconf 54' lang='lat' dir='ltr'>conii:</span> <span class='ocrx_word' id='word_1_83' title='bbox 1826 1334 1953 1404; x_wconf 88' lang='lat' dir='ltr'>aris</span> <span class='ocrx_word' id='word_1_84' title='bbox 1979 1390 2004 1422; x_wconf 85' lang='lat'><strong>,</strong></span> 
     </span>
     <span class='ocr_line' id='line_1_16' title="bbox 463 1431 2005 1512; baseline -0.004 0"><span class='ocrx_word' id='word_1_85' title='bbox 463 1447 537 1512; x_wconf 76' lang='grc' dir='ltr'>δε</span> <span class='ocrx_word' id='word_1_86' title='bbox 581 1435 719 1510; x_wconf 90' lang='lat' dir='ltr'>duo</span> <span class='ocrx_word' id='word_1_87' title='bbox 765 1431 950 1505; x_wconf 84' lang='lat' dir='ltr'>Blaefi</span> <span class='ocrx_word' id='word_1_88' title='bbox 991 1431 1377 1506; x_wconf 87' lang='lat' dir='ltr'>voluntario</span> <span class='ocrx_word' id='word_1_89' title='bbox 1433 1433 1614 1506; x_wconf 86' lang='lat' dir='ltr'>exitu</span> <span class='ocrx_word' id='word_1_90' title='bbox 1674 1431 2005 1506; x_wconf 88' lang='lat' dir='ltr'>cecidere.</span> 
     </span>
     <span class='ocr_line' id='line_1_17' title="bbox 463 1531 2005 1632; baseline -0.005 -20"><span class='ocrx_word' id='word_1_91' title='bbox 463 1535 685 1612; x_wconf 87' lang='lat' dir='ltr'>Galba</span> <span class='ocrx_word' id='word_1_92' title='bbox 708 1593 731 1625; x_wconf 87' lang='lat'>‚</span> <span class='ocrx_word' id='word_1_93' title='bbox 782 1531 1072 1605; x_wconf 88' lang='lat' dir='ltr'>tristibus</span> <span class='ocrx_word' id='word_1_94' title='bbox 1125 1532 1399 1622; x_wconf 84' lang='lat' dir='ltr'>Caesaris</span> <span class='ocrx_word' id='word_1_95' title='bbox 1460 1531 1669 1606; x_wconf 90' lang='lat' dir='ltr'>literis</span> <span class='ocrx_word' id='word_1_96' title='bbox 1729 1533 2005 1632; x_wconf 78' lang='lat' dir='ltr'>provin-</span> 
     </span>
     <span class='ocr_line' id='line_1_18' title="bbox 465 1629 2007 1758; baseline -0.005 -47"><span class='ocrx_word' id='word_1_97' title='bbox 465 1639 642 1712; x_wconf 89' lang='lat' dir='ltr'>ciam</span> <span class='ocrx_word' id='word_1_98' title='bbox 707 1633 928 1708; x_wconf 86' lang='lat' dir='ltr'>sortiri</span> <span class='ocrx_word' id='word_1_99' title='bbox 992 1632 1437 1758; x_wconf 81' lang='lat' dir='ltr'>prohibitus3</span> <span class='ocrx_word' id='word_1_100' title='bbox 1513 1629 1728 1703; x_wconf 83' lang='lat' dir='ltr'>Blae&#39;fis</span> <span class='ocrx_word' id='word_1_101' title='bbox 1786 1630 2007 1706; x_wconf 73' lang='lat' dir='ltr'>sacer-</span> 
     </span>
     <span class='ocr_line' id='line_1_19' title="bbox 465 1727 2004 1835; baseline -0.005 -23"><span class='ocrx_word' id='word_1_102' title='bbox 465 1738 656 1812; x_wconf 86' lang='lat' dir='ltr'>dotia</span> <span class='ocrx_word' id='word_1_103' title='bbox 688 1794 710 1825; x_wconf 91' lang='lat'>‚</span> <span class='ocrx_word' id='word_1_104' title='bbox 760 1735 1025 1835; x_wconf 81' lang='lat' dir='ltr'>integra</span> <span class='ocrx_word' id='word_1_105' title='bbox 1073 1745 1311 1806; x_wconf 86' lang='lat' dir='ltr'>eorum</span> <span class='ocrx_word' id='word_1_106' title='bbox 1360 1732 1574 1804; x_wconf 88' lang='lat' dir='ltr'>domo</span> <span class='ocrx_word' id='word_1_107' title='bbox 1626 1727 1954 1806; x_wconf 83' lang='lat' dir='ltr'>destinata</span> <span class='ocrx_word' id='word_1_108' title='bbox 1981 1789 2004 1823; x_wconf 88' lang='lat'><strong>,</strong></span> 
     </span>
     <span class='ocr_line' id='line_1_20' title="bbox 467 1831 2005 1924; baseline -0.004 -12"><span class='ocrx_word' id='word_1_109' title='bbox 467 1834 784 1912; x_wconf 62' lang='lat' dir='ltr'>convulsa</span> <span class='ocrx_word' id='word_1_110' title='bbox 813 1891 834 1924; x_wconf 90' lang='lat'><strong><em>,</em></strong></span> <span class='ocrx_word' id='word_1_111' title='bbox 885 1831 1226 1907; x_wconf 88' lang='lat' dir='ltr'>distulerat</span> <span class='ocrx_word' id='word_1_112' title='bbox 1263 1862 1279 1904; x_wconf 70' lang='grc' dir='ltr'><em>ε</em></span> <span class='ocrx_word' id='word_1_113' title='bbox 1340 1855 1500 1905; x_wconf 90' lang='lat' dir='ltr'>tunc</span> <span class='ocrx_word' id='word_1_114' title='bbox 1532 1890 1554 1920; x_wconf 90' lang='lat'>‚</span> <span class='ocrx_word' id='word_1_115' title='bbox 1614 1855 1689 1904; x_wconf 93' lang='lat' dir='ltr'>ut</span> <span class='ocrx_word' id='word_1_116' title='bbox 1743 1861 1955 1907; x_wconf 87' lang='lat' dir='ltr'>vacua</span> <span class='ocrx_word' id='word_1_117' title='bbox 1980 1892 2005 1923; x_wconf 91' lang='lat'><strong>,</strong></span> 
     </span>
     <span class='ocr_line' id='line_1_21' title="bbox 466 1925 2007 2033; baseline -0.003 -18"><span class='ocrx_word' id='word_1_118' title='bbox 466 1939 761 2015; x_wconf 89' lang='lat' dir='ltr'>contulit</span> <span class='ocrx_word' id='word_1_119' title='bbox 805 1937 879 2009; x_wconf 91' lang='lat' dir='ltr'>in</span> <span class='ocrx_word' id='word_1_120' title='bbox 930 1931 1138 2006; x_wconf 87' lang='lat' dir='ltr'>alios:</span> <span class='ocrx_word' id='word_1_121' title='bbox 1198 1932 1387 2033; x_wconf 90' lang='lat' dir='ltr'>quod</span> <span class='ocrx_word' id='word_1_122' title='bbox 1442 1931 1708 2032; x_wconf 75' lang='lat' dir='ltr'>signum</span> <span class='ocrx_word' id='word_1_123' title='bbox 1764 1925 2007 2010; x_wconf 74' lang='lat' dir='ltr'>rnortis</span> 
     </span>
     <span class='ocr_line' id='line_1_22' title="bbox 465 2031 2009 2123; baseline -0.005 -8"><span class='ocrx_word' id='word_1_124' title='bbox 465 2040 906 2123; x_wconf 85' lang='lat' dir='ltr'>intellexere,</span> <span class='ocrx_word' id='word_1_125' title='bbox 955 2043 1026 2107; x_wconf 85' lang='lat'>&amp;</span> <span class='ocrx_word' id='word_1_126' title='bbox 1060 2031 1350 2107; x_wconf 78' lang='lat' dir='ltr'>exsecuti</span> <span class='ocrx_word' id='word_1_127' title='bbox 1382 2031 1556 2107; x_wconf 88' lang='lat' dir='ltr'>sunt.</span> <span class='ocrx_word' id='word_1_128' title='bbox 1618 2034 1703 2105; x_wconf 93' lang='lat' dir='ltr'>Et</span> <span class='ocrx_word' id='word_1_129' title='bbox 1732 2035 2009 2109; x_wconf 86' lang='lat' dir='ltr'>AEmilia</span> 
     </span>
     <span class='ocr_line' id='line_1_23' title="bbox 465 2129 2006 2242; baseline -0.004 -27"><span class='ocrx_word' id='word_1_130' title='bbox 465 2142 728 2242; x_wconf 89' lang='lat' dir='ltr'>Lepida</span> <span class='ocrx_word' id='word_1_131' title='bbox 770 2196 793 2227; x_wconf 90' lang='lat'>,</span> <span class='ocrx_word' id='word_1_132' title='bbox 858 2162 1069 2233; x_wconf 88' lang='lat' dir='ltr'>quam</span> <span class='ocrx_word' id='word_1_133' title='bbox 1132 2133 1365 2233; x_wconf 85' lang='lat' dir='ltr'>juveni</span> <span class='ocrx_word' id='word_1_134' title='bbox 1424 2129 1653 2205; x_wconf 89' lang='lat' dir='ltr'>Druso</span> <span class='ocrx_word' id='word_1_135' title='bbox 1710 2162 2006 2236; x_wconf 82' lang='lat' dir='ltr'>nuptam</span> 
     </span>
     <span class='ocr_line' id='line_1_24' title="bbox 467 2231 2005 2328; baseline -0.005 -13"><span class='ocrx_word' id='word_1_136' title='bbox 467 2242 715 2328; x_wconf 79' lang='lat' dir='ltr'>retuli,</span> <span class='ocrx_word' id='word_1_137' title='bbox 761 2236 1010 2310; x_wconf 87' lang='lat' dir='ltr'>crebris</span> <span class='ocrx_word' id='word_1_138' title='bbox 1069 2232 1467 2306; x_wconf 86' lang='lat' dir='ltr'>criminibus</span> <span class='ocrx_word' id='word_1_139' title='bbox 1515 2231 1839 2307; x_wconf 87' lang='lat' dir='ltr'>maritum</span> <span class='ocrx_word' id='word_1_140' title='bbox 1890 2237 2005 2308; x_wconf 92' lang='lat' dir='ltr'>in-</span> 
     </span>
     <span class='ocr_line' id='line_1_25' title="bbox 465 2331 2005 2431; baseline -0.002 -20"><span class='ocrx_word' id='word_1_141' title='bbox 465 2340 688 2412; x_wconf 88' lang='lat' dir='ltr'>secuta</span> <span class='ocrx_word' id='word_1_142' title='bbox 724 2386 772 2421; x_wconf 79' lang='lat'>‚-</span> <span class='ocrx_word' id='word_1_143' title='bbox 803 2357 1224 2431; x_wconf 86' lang='lat' dir='ltr'>quamquam</span> <span class='ocrx_word' id='word_1_144' title='bbox 1266 2331 1660 2406; x_wconf 88' lang='lat' dir='ltr'>intestabilis</span> <span class='ocrx_word' id='word_1_145' title='bbox 1692 2390 1715 2421; x_wconf 87' lang='lat'>,</span> <span class='ocrx_word' id='word_1_146' title='bbox 1771 2359 2005 2411; x_wconf 88' lang='lat' dir='ltr'>tamen</span> 
     </span>
     <span class='ocr_line' id='line_1_26' title="bbox 463 2430 2003 2537; baseline -0.003 -26"><span class='ocrx_word' id='word_1_147' title='bbox 463 2436 804 2537; x_wconf 84' lang='lat' dir='ltr'>impunita</span> <span class='ocrx_word' id='word_1_148' title='bbox 853 2430 1096 2530; x_wconf 88' lang='lat' dir='ltr'>agebat</span> <span class='ocrx_word' id='word_1_149' title='bbox 1122 2489 1144 2519; x_wconf 90' lang='lat'>‚</span> <span class='ocrx_word' id='word_1_150' title='bbox 1212 2431 1380 2505; x_wconf 89' lang='lat' dir='ltr'>dum</span> <span class='ocrx_word' id='word_1_151' title='bbox 1431 2430 1756 2534; x_wconf 85' lang='lat' dir='ltr'>superfuit</span> <span class='ocrx_word' id='word_1_152' title='bbox 1812 2458 2003 2533; x_wconf 82' lang='lat' dir='ltr'>pater</span> 
     </span>
     <span class='ocr_line' id='line_1_27' title="bbox 465 2531 2002 2636; baseline -0.003 -26"><span class='ocrx_word' id='word_1_153' title='bbox 465 2534 812 2636; x_wconf 80' lang='lat' dir='ltr'>Lepidus3</span> <span class='ocrx_word' id='word_1_154' title='bbox 866 2532 1009 2633; x_wconf 76' lang='lat' dir='ltr'>post</span> <span class='ocrx_word' id='word_1_155' title='bbox 1055 2560 1094 2602; x_wconf 87' lang='lat' dir='ltr'>a</span> <span class='ocrx_word' id='word_1_156' title='bbox 1139 2531 1552 2606; x_wconf 88' lang='lat' dir='ltr'>delato-ribus</span> <span class='ocrx_word' id='word_1_157' title='bbox 1594 2532 1949 2633; x_wconf 84' lang='lat' dir='ltr'>corripitur</span> <span class='ocrx_word' id='word_1_158' title='bbox 1977 2594 2002 2625; x_wconf 89' lang='lat'>‚</span> 
     </span>
     <span class='ocr_line' id='line_1_28' title="bbox 467 2630 2005 2711; baseline -0.002 0"><span class='ocrx_word' id='word_1_159' title='bbox 467 2636 563 2711; x_wconf 87' lang='lat' dir='ltr'>ob</span> <span class='ocrx_word' id='word_1_160' title='bbox 607 2633 872 2707; x_wconf 80' lang='lat' dir='ltr'>servum</span> <span class='ocrx_word' id='word_1_161' title='bbox 927 2630 1362 2705; x_wconf 85' lang='lat' dir='ltr'>adulterum:</span> <span class='ocrx_word' id='word_1_162' title='bbox 1410 2660 1533 2705; x_wconf 90' lang='lat' dir='ltr'>nec</span> <span class='ocrx_word' id='word_1_163' title='bbox 1570 2631 2005 2708; x_wconf 85' lang='lat' dir='ltr'>dubitabatur</span> 
     </span>
     <span class='ocr_line' id='line_1_29' title="bbox 470 2730 2007 2832; baseline 0.001 -23"><span class='ocrx_word' id='word_1_164' title='bbox 470 2736 558 2810; x_wconf 89' lang='lat' dir='ltr'>de</span> <span class='ocrx_word' id='word_1_165' title='bbox 581 2733 857 2830; x_wconf 75' lang='lat' dir='ltr'>flagitio,</span> <span class='ocrx_word' id='word_1_166' title='bbox 878 2734 1055 2832; x_wconf 87' lang='lat' dir='ltr'>Ergo</span> <span class='ocrx_word' id='word_1_167' title='bbox 1073 2730 1317 2806; x_wconf 68' lang='lat' dir='ltr'>omissa</span> <span class='ocrx_word' id='word_1_168' title='bbox 1336 2730 1728 2807; x_wconf 87' lang='lat' dir='ltr'>defensione</span> <span class='ocrx_word' id='word_1_169' title='bbox 1745 2790 1768 2823; x_wconf 88' lang='lat'>,</span> <span class='ocrx_word' id='word_1_170' title='bbox 1793 2734 2007 2810; x_wconf 86' lang='lat' dir='ltr'>finem</span> 
     </span>
     <span class='ocr_line' id='line_1_30' title="bbox 470 2829 1041 2931; baseline -0.012 -20"><span class='ocrx_word' id='word_1_171' title='bbox 470 2838 620 2911; x_wconf 82' lang='lat' dir='ltr'>vitae</span> <span class='ocrx_word' id='word_1_172' title='bbox 649 2834 768 2906; x_wconf 87' lang='lat' dir='ltr'>fibi</span> <span class='ocrx_word' id='word_1_173' title='bbox 798 2829 1041 2931; x_wconf 90' lang='lat' dir='ltr'>posuit.</span> 
     </span>
    </p>

    <p class='ocr_par' dir='ltr' id='par_1_6' title="bbox 471 2928 2009 3245">
     <span class='ocr_line' id='line_1_31' title="bbox 581 2928 2005 3029; baseline 0 -22"><span class='ocrx_word' id='word_1_174' title='bbox 581 2937 770 3007; x_wconf 91' lang='lat' dir='ltr'><strong>XLI.</strong></span> <span class='ocrx_word' id='word_1_175' title='bbox 816 2934 962 3004; x_wconf 74' lang='lat' dir='ltr'>PER</span> <span class='ocrx_word' id='word_1_176' title='bbox 991 2931 1184 3005; x_wconf 89' lang='lat' dir='ltr'>idem</span> <span class='ocrx_word' id='word_1_177' title='bbox 1217 2956 1481 3029; x_wconf 86' lang='lat' dir='ltr'>tempus</span> <span class='ocrx_word' id='word_1_178' title='bbox 1518 2928 1863 3007; x_wconf 88' lang='lat' dir='ltr'>Clitarum</span> <span class='ocrx_word' id='word_1_179' title='bbox 1888 2961 2005 3007; x_wconf 84' lang='lat' dir='ltr'>na·</span> 
     </span>
     <span class='ocr_line' id='line_1_32' title="bbox 473 3027 2007 3133; baseline -0.001 -27"><span class='ocrx_word' id='word_1_180' title='bbox 473 3033 572 3106; x_wconf 90' lang='lat' dir='ltr'>tio</span> <span class='ocrx_word' id='word_1_181' title='bbox 599 3090 619 3121; x_wconf 88' lang='lat'>,</span> <span class='ocrx_word' id='word_1_182' title='bbox 665 3031 1060 3133; x_wconf 83' lang='lat' dir='ltr'>Cappadoci</span> <span class='ocrx_word' id='word_1_183' title='bbox 1091 3028 1430 3103; x_wconf 86' lang='lat' dir='ltr'>Archelao</span> <span class='ocrx_word' id='word_1_184' title='bbox 1461 3027 1755 3131; x_wconf 61' lang='lat' dir='ltr'>subjecta</span> <span class='ocrx_word' id='word_1_185' title='bbox 1780 3089 1801 3120; x_wconf 92' lang='lat'><strong>,</strong></span> <span class='ocrx_word' id='word_1_186' title='bbox 1844 3034 2007 3131; x_wconf 87' lang='lat' dir='ltr'>quia</span> 
     </span>
     <span class='ocr_line' id='line_1_33' title="bbox 471 3126 2009 3245; baseline -0.004 -32"><span class='ocrx_word' id='word_1_187' title='bbox 471 3136 772 3214; x_wconf 81' lang='lat' dir='ltr'>nostrum</span> <span class='ocrx_word' id='word_1_188' title='bbox 797 3132 872 3208; x_wconf 88' lang='lat' dir='ltr'>in</span> <span class='ocrx_word' id='word_1_189' title='bbox 898 3130 1193 3235; x_wconf 71' lang='lat' dir='ltr'>niodum</span> <span class='ocrx_word' id='word_1_190' title='bbox 1228 3126 1501 3245; x_wconf 71' lang='lat' dir='ltr'>deferre</span> <span class='ocrx_word' id='word_1_191' title='bbox 1528 3131 1755 3213; x_wconf 85' lang='lat' dir='ltr'>census</span> <span class='ocrx_word' id='word_1_192' title='bbox 1788 3188 1812 3240; x_wconf 57' lang='grc' dir='ltr'>Ξ</span> <span class='ocrx_word' id='word_1_193' title='bbox 1860 3132 2009 3241; x_wconf 58' lang='lat' dir='ltr'>pat}</span> 
     </span>
    </p>
   </div>
   <div class='ocr_carea' id='block_1_6' title="bbox 2272 1069 2291 1722">
    <p class='ocr_par' dir='ltr' id='par_1_7' title="bbox 2272 1069 2291 1722">
     <span class='ocr_line' id='line_1_34' title="bbox 2272 1069 2291 1722; textangle 90"><span class='ocrx_word' id='word_1_194' title='bbox 2272 1069 2291 1722; x_wconf 46' lang='grc' dir='ltr'>-ῄ-ῌ-Αιμ</span> 
     </span>
    </p>
   </div>
   <div class='ocr_carea' id='block_1_7' title="bbox 2274 1756 2293 2039">
    <p class='ocr_par' dir='ltr' id='par_1_8' title="bbox 2274 1756 2293 2039">
     <span class='ocr_line' id='line_1_35' title="bbox 2274 1756 2293 2039; textangle 90"><span class='ocrx_word' id='word_1_195' title='bbox 2274 1756 2293 2039; x_wconf 39' lang='grc' dir='ltr'>ἑ-μ-</span> 
     </span>
    </p>
   </div>
  </div>
 </body>
</html>
