2294 3870
557 173 756 248 Lim
809 171 934 247 IX.
987 153 1577 251 Annammi.
1713 169 1848 274 §.3‘1

313 293 542 396 magis
597 295 909 367 Britanni
950 351 972 384 ‚
1043 293 1448 396 sumptoque
1500 323 1579 369 ex
1630 290 1857 372 furore
1880 331 2118 378 Ξ

315 393 603 468 confilio
628 451 650 483 ‚
698 395 1094 509 patientiam
1127 395 1433 469 incusant
1463 452 1490 485 ,
1530 393 1735 496 seque
1767 398 1857 473 ad
1877 402 1939 452 A·
1964 403 2027 451 Π·
2046 401 2115 452 C·

315 495 658 598 ptoelium-
683 523 796 566 acc
963 522 1081 570 nt:
1110 491 1246 572 nec‘
1264 495 1486 570 nifiin
1516 499 1857 598 posterum

313 595 514 669 diem
535 591 864 669 differtur.
962 598 1231 698 trinque
1256 597 1579 672 acerrime
1602 625 1861 701 pugna-

317 721 476 770 tum
509 725 529 766 t
579 695 860 768 nutabat
919 697 1254 794 vietoria3
1316 706 1590 797 jamque
1640 699 1856 774 hostes

1937 501 2009 553 79
2019 490 2078 544 6-

1921 586 1973 638 J,
2004 585 2069 638 C·

1954 687 2055 746 43·

318 794 683 872 Hofidium
727 799 984 869 Getam
1033 797 1598 871 circumsistebant
1622 855 1647 888 ,
1695 799 1857 875 cum
1942 853 1947 860 -

323 895 621 1000 pericula
661 897 736 968 in
769 923 1010 970 eorum
1051 897 1355 974 exitium‘
1376 899 1431 971 is
1474 901 1807 973 convertit
1829 957 1855 992 ,

327 993 578 1095 eosque
615 1019 763 1069 tam
803 993 1072 1073 fortiter
1117 995 1451 1102 superavit
1476 1054 1498 1089 ‚
1536 1023 1613 1072 ut
1638 1056 1662 1088 ,
1699 999 1857 1075 licet

325 1095 643 1171 nondum
669 1095 899 1170 consul
920 1095 1144 1175 fuiffet
1176 1157 1202 1191 ,
1250 1098 1685 1201 triumphalia
1706 1097 1861 1182 insi-e

215 1271 226 1280 ,
328 1197 491 1300 gnia
521 1196 946 1271 obtinuerit.-
991 1229 998 1236 ·
1224 1199 1233 1207 ⁴

385 1339 394 1348 ·
438 1295 591 1372 LV.
633 1299 1092 1372 lunum-rm
1119 1297 1378 1376 tentata
1416 1295 1859 1391 fortitudine,

327 1397 638 1476 Britanni
675 1397 768 1471 ad
803 1423 975 1472 artes
997 1391 1151 1470 refu
1199 1396 1331 1472 cre.
1384 1401 1753 1500 properant
1774 1400 1862 1473 ad

321 1495 636 1573 Tamesis
650 1555 674 1589 ‚
699 1499 848 1573 aestu
867 1425 1363 1574 intumelgcente
1384 1496 1825 1573 adcrescentis
1840 1555 1867 1591 ,

329 1600 530 1689 ostia,
559 1601 778 1702 gnaris
793 1599 1104 1674 locorum
1131 1623 1313 1690 tuta,
1338 1599 1587 1704 ignaris
1606 1599 1863 1691 infida‘,

325 1695 722 1800 flumenque
757 1702 1120 1800 trajiciunt.
1168 1701 1472 1775 Romani
1497 1758 1519 1791 ‚
1562 1726 1677 1775 eos
1702 1726 1867 1804 pto-

326 1794 537 1874 secuti
581 1801 912 1876 incautius
934 1859 958 1892 ,
1017 1799 1396 1902 periclitati.
1473 1801 1585 1876 At-
1624 1799 1815 1875 Galli
1836 1857 1866 1892 ,

325 1900 424 1977 ob
461 1902 563 1976 rei
585 1899 1062 1977 difficultatem
1085 1899 1472 1975 audaciores
1496 1957 1519 1989 ,
1546 1925 1823 1976 enatant
1839 1959 1864 1993 ‚

321 2000 505 2076 dum
531 1999 696 2088 alii,
737 1996 813 2075 su
859 2024 932 2073 ta
961 2026 1126 2073 eum
1154 1998 1384 2072 locum
1420 2024 1541 2099 pet
1581 2024 1867 2113 pontem

305 2096 706 2201 'transgteffi
729 2155 753 2187 ,
821 2097 995 2171 unul
1027 2098 1385 2169 Britannos
1426 2097 1868 2188 adoriuntur,

331 2210 410 2277 &
469 2196 833 2301 multiplici
882 2224 1122 2303 pugna:
1180 2197 1547 2371 itfiafaratos
1604 2198 1871 2313 ingenti
1974 2220 1978 2223 ·

329 2298 530 2377 clade
561 2301 1004 2402 prosternunt.
1055 2297 1225 2373 Laeti
1274 2326 1487 2376 unam
1512 2298 1871 2374 vistonam

333 2400 552 2475 luctus
581 2400 953 2503 occupavit.
977 2400 1318 2501 Fugitivos
1342 2401 1531 2475 enim
1553 2399 1722 2516 duni
1745 2398 1871 2501 ipsi

331 2496 775 2575 inconsultius
796 2526 1069 2600 quoque
1092 2496 1636 2602 insequebantur,
1666 2500 1871 2574 mviis
1910 2564 1913 2569 .

425 2600 694 2677 ludibus
758 2628 920 2675 cum
971 2599 1209 2675 ·multa
1273 2599 1549 2678 suorum
1614 2598 1872 2705 jatsturss

431 2704 548 2777 usti
600 2701 782 2776 sunt..
1208 2708 1213 2711 ’
1678 2753 1687 2761 -
1818 2720 1831 2729 ·

440 2804 630 2879 LVI.
674 2804 1038 2877 PLAurms
1063 2858 1086 2890 ,
1111 2794 1396 2901 populos
1420 2855 1443 2888 ,
1474 2822 1697 2897 neque
1726 2798 1873 2871 To·-

341 2904 681 3009 godumni
705 2928 872 2978 nece
893 2959 917 2991 ,
957 2926 1182 3027 neque
1210 2896 1341 2973 suis
1366 2897 1669 2972 cladibus
1695 2892 1873 2970 frac-

345 3030 450 3083 tos
471 3064 495 3099 ,
544 3002 664 3081 sed
711 2999 964 3081 ferocia
1003 3003 1237 3105 itaque
1286 3022 1627 3077 tumentes
1653 3052 1678 3091 ,
1726 3021 1867 3081 non

1912 3258 1941 3276 ’ἱ
