2294 3870
513 178 720 253 Lrn.
775 173 974 254 vm.
1027 197 1623 256 Aru-tamnu.
1725 197 1871 276 141⁴

315 295 570 374 licitati
600 329 618 372 ε
667 298 1072 402 gladiatores
1123 295 1337 394 (faeta
1378 301 1585 375 cuivis
1626 301 1822 404 copia
1842 353 1867 386 ,
1896 345 2133 396 ΞΕ

321 399 546 502 plures
570 457 594 490 ,
619 402 830 500 quam
856 428 976 503 per
1001 401 1186 502 leges
1212 397 1311 474 fas
1338 425 1516 491 erat,
1538 403 1863 498 emendi)
1898 407 1958 459 Α·
1982 413 2043 460 U·
2064 413 2131 468 C-

323 499 712 574 consulibus
750 559 772 592 ‚
823 501 1211 604 praetoribus
1241 558 1263 591 ‚
1323 500 1655 576 ditiffimis
1708 505 1865 606 qui-
1940 505 2077 558 ⁷9²·

323 599 585 703 busque
607 659 628 691 ,
656 602 1042 677 volentibus
1068 628 1183 675 aut
1208 602 1436 681 invitis
1462 660 1487 693 ,
1508 603 1827 678 vendidit
1843 661 1865 694 ,

325 705 546 804 pretia
591 699 798 802 usque
841 705 925 778 eb
969 701 1339 786 extendens
1358 757 1383 792 ,
1442 729 1519 783 ut
1554 705 1873 778 nonnulli

330 829 564 883 emere
595 805 809 880 coacti
830 861 852 893 ,
902 812 973 878 δε
1007 804 1207 884 bonis
1244 804 1427 878 exuti
1448 861 1475 894 .‚
1516 833 1717 884 venas
1744 804 1869 880 fibi

328 902 714 978 inciderent
754 934 772 977 :
833 899 1297 988 fraudulenter
1349 906 1555 980 etiam
1598 907 1871 1009 inrepess-

330 1003 476 1092 bat,
499 1003 597 1077 uti
623 1030 1052 1107 compertum
1076 1003 1166 1087 de
1182 1003 1459 1108 Aponio
1485 1008 1869 1098 Saturnino,

331 1131 551 1206 quem
594 1104 751 1180 citm
795 1107 1004 1184 Caius
1046 1106 1227 1180 inter
1268 1103 1580 1180 subsellia
1614 1106 1875 1181 dormi-

335 1227 605 1280 tantem
625 1205 893 1289 vidilset
913 1265 934 1297 ,
963 1233 1347 1310 praeconem
1374 1206 1644 1280 monuit
1660 1265 1682 1297 ,
1719 1241 1761 1271 c
1782 1233 1871 1282 ne

334 1308 779 1409 mpraetorium
831 1308 1056 1381 virum
1106 1303 1379 1381 crebro'
1398 1308 1631 1408 capitis
1679 1332 1876 1381 motu

334 1431 750 1483 „nutantem
786 1407 910 1481 sibi
945 1407 1311 1510 praeteriret
1332 1442 1407 1480 ιο.
1450 1407 1597 1480 Nec
1623 1404 1877 1480 licendi

335 1509 496 1582 finis
527 1507 735 1584 factus
759 1565 782 1598 ‚
827 1508 1054 1614 quoad
1085 1507 1429 1588 tredecim
1464 1505 1872 1608 gladiatores

338 1610 454 1684 vix
482 1637 678 1713 expet
727 1612 825 1684 ito
846 1667 868 1700 ,
906 1621 978 1686 &
1006 1607 1391 1711 ignoranti,
1426 1605 1725 1683 sestertio
1752 1633 1877 1679 no-

333 1711 572 1810 nagies
617 1739 658 1784 a
706 1710 1110 1807 dicerentur.
1166 1708 1498 1782 Nondum
1529 1707 1876 1810 rapacitati

331 1809 497 1886 {atis
539 1841 558 1883 t
625 1809 1030 1912 gladiatores
1065 1867 1088 1898 ‚
1142 1837 1181 1882 e
1232 1838 1354 1883 uos
1385 1866 1407 1899 ‚
1464 1810 1825 1910 agitatores
1852 1863 1878 1897 ‚

331 1910 668 1986 uenditos
694 1938 960 1985 veneno
993 1838 1317 1985 enecassat
1339 1967 1361 2000 ,
1393 1934 1471 1983 ut
1498 1908 1665 1984 alios
1691 1938 1883 2012 emp-

333 2013 554 2087 titare
590 2033 890 2111 cogeret.
1470 2011 1479 2019 ’

451 2112 584 2199 lV.
625 2114 850 2195 HANc
903 2133 1179 2207 quoque
1232 2104 1501 2189 luxuriae
1552 2105 1887 2180 vesaniam

349 2209 666 2291 laudi-bus
684 2267 705 2298 ,
731 2206 959 2283 studiis
976 2264 998 2296 ,
1032 2236 1108 2279 ac
1134 2207 1423 2307 praemiis
1446 2205 1889 2279 incendebat:

355 2310 497 2413 ipse
535 2308 812 2384 Prafinae
850 2304 1130 2379 factioni
1163 2306 1259 2380 ita
1300 2306 1607 2389 addictus
1624 2364 1647 2397 ,
1696 2330 1772 2379 ut
1811 2307 1887 2384 in

353 2420 504 2510 ⁸ejus
540 2407 793 2484 stabulo
832 2406 1076 2481 affidue
1112 2432 1384 2481 cenaret
1406 2466 1429 2496 ,
1471 2417 1542 2497 &
1572 2407 1891 2509 agitator-i

359 2512 660 2610 Eutycho
711 2506 1193 2584 comeffatione
1244 2508 1543 2607 quadam
1600 2510 1673 2581 in
1730 2536 1889 2633 Ὕα-

363 2612 662 2715 phoretis
686 2611 891 2687 vicies
920 2604 1289 2707 sestertium
1316 2606 1673 2683 conferret.
1700 2611 1891 2681 Cum

364 2716 529 2789 verb
577 2714 651 2786 in
699 2710 990 2784 libidine
1032 2726 1423 2805 'numquam
1470 2705 1549 2777 fit
1597 2707 1841 2779 modus
1869 2762 1895 2797 ,

369 2841 627 2914 equum
648 2810 864 2903 suum,
887 2835 1101 2911 quem
1117 2813 1471 2879 Incitatum
1496 2802 1895 2907 appellabat,

371 2914 680 2991 civilibus
709 2911 1082 2997 ‚honoribus
1111 2906 1371 2987 extulit.
1401 2912 1644 2992 Praeter
1670 2904 1892 3004 equile

371 3040 838 3093 marmoreum
881 3068 902 3101 ,
968 3022 1039 3085 &
1109 3006 1393 3111 praesepe
1462 3007 1832 3080 eburneum
1870 3062 1896 3095 ‚

369 3136 840 3225 purpureaque
881 3134 1277 3215 tegumenta
1309 3167 1333 3202 ,
1377 3135 1453 3183 ac
1506 3104 1763 3191 monile
1812 3132 1899 3183 ex

1937 583 2089 636 J.C·

1973 679 2073 737 39.-
