2294 3870
607 225 1610 317 murnum-havi.
1804 259 1889 340 59

319 361 654 464 ‘Urgente
683 353 991 459 Agrippa
1012 413 1036 446 ,
1062 355 1465 461 Sanquinius
1491 359 1848 436 Maximus
1869 421 1891 454 ,
1923 389 2160 458 ΞΕ.

335 495 381 540 e
406 457 890 546 consularibus,
914 457 1132 534 oravit
1159 457 1463 534 senatum
1480 520 1503 552 ‚
1532 495 1575 526 ιε
1591 488 1681 536 ne
1703 491 1890 539 curas
1920 463 1982 514 A·
2010 467 2073 516 U·
2095 467 2161 518 C·

333 567 504 637 „lm
554 558 832 635 eratoris
854 615 879 647 ,
907 559 1296 658 conquisitis
1328 559 1598 676 insuper
1627 565 1890 637 acerbi-

329 664 516 738 aotati
567 688 652 734 us·
693 683 1072 760 augerent:
1129 658 1432 736 sufficere
1486 661 1711 764 ipsum
1770 669 1890 739 sta-

327 761 668 840 mtuendis
714 758 1102 834 remediis»
1139 791 1157 831 ι
1206 759 1295 834 fic
1341 764 1611 865 Regulo
1662 761 1833 840 salus
1866 823 1889 858 ,

333 877 409 942 &
435 861 694 936 Trioni
729 859 972 935 dilatio
1007 860 1198 934 exitii
1240 861 1527 962 quaesita.
1574 867 1891 942 Haterius
1920 937 1941 958 ,

330 962 615 1042 invisior
643 959 776 1034 fuit
809 1003 830 1050 5
883 960 1044 1061 quia
1074 959 1319 1035 somno
1357 987 1474 1038 aut
1512 962 1889 1043 libidinosis

329 1063 588 1169 vigiliis
611 1061 951 1136 marcidus
966 1117 990 1150 ,
1013 1071 1083 1136 &
1105 1060 1198 1134 ob
1219 1061 1579 1166 segnitiam
1598 1122 1620 1155 ,
1650 1093 1888 1166 quam-

332 1169 441 1242 vis
492 1163 846 1238 crudelem
892 1163 1283 1264 Principem
1329 1193 1472 1239 non
1520 1191 1832 1242 metuens
1858 1227 1883 1260 ‚

339 1265 725 1345 inlustribus
749 1260 912 1336 viris
936 1263 1314 1368 perniciem
1338 1322 1361 1356 ,
1388 1266 1568 1342 inter
1593 1296 1885 1369 ganeam

339 1397 424 1444 ac
451 1367 707 1468 stupra,
751 1364 1237 1438 meditabatur.

438 1467 531 1542 V.
569 1469 760 1539 Ex1N
794 1467 1012 1539 Cotta
1039 1461 1444 1550 Messalinus
1472 1522 1495 1554 ,
1535 1461 1888 1542 saevissimae

329 1564 657 1668 cujusque
702 1564 1050 1640 sententiae
1088 1569 1319 1639 auCtor
1340 1623 1363 1655 ,
1423 1565 1641 1667 eoque
1687 1567 1885 1642 inve-

339 1665 560 1743 terata
582 1665 878 1756 invidia,
906 1667 1027 1742 ubi
1050 1665 1355 1771 primum
1380 1662 1659 1746 facultas
1684 1665 1889 1760 data,

333 1768 645 1871 arguitur
696 1766 1017 1870 pleraque
1050 1797 1067 1839 ε
1119 1801 1162 1831 α
1180 1769 1268 1840 C.
1310 1766 1649 1842 Caesarem
1698 1767 1888 1869 quasi

329 1871 656 1944 »incestat
695 1868 1030 1945 virilitatis
1053 1903 1096 1937 :o
1121 1926 1144 1961 ,
1193 1877 1265 1945 &
1307 1867 1469 1943 cum
1515 1867 1629 1945 die
1674 1868 1887 1943 natali

333 1968 660 2071 Augustae
683 1970 860 2044 inter
885 1968 1259 2045 sacerdotes
1288 1970 1671 2072 epularetur
1686 2028 1708 2058 ‚
1734 1976 1891 2041 No-

333 2072 737 2151 vemdialem
753 2097 908 2144 eam·
919 2100 1161 2147 cenam
1178 2066 1411 2145 dixiffe
1428 2101 1445 2141 ι
1464 2066 1890 2169 querensque

340 2171 441 2246 de
475 2168 784 2273 potentia
824 2173 934 2246 M.
975 2170 1275 2274 Lepidi,
1316 2197 1390 2242 ac
1420 2172 1504 2240 L.
1530 2168 1891 2257 Arruntii,

333 2300 507 2347 cum
545 2271 790 2373 quibus
825 2272 919 2345 ob
960 2299 1110 2347 rem
1194 2269 1607 2345 ecuniariam
1636 2262 1897 2369 discep·⁸

335 2373 532 2449 tabat
556 2430 579 2463 ‚
609 2370 945 2447 addidiffe
969 2430 992 2463 ‚
1029 2371 1137 2444 «il
1167 2400 1241 2446 os
1271 2369 1555 2471 quidem
1581 2366 1850 2442 senatus
1864 2393 1897 2459 ,'

331 2501 512 2547 ame
557 2500 793 2549 autem
839 2474 1142 2547 tuebitur
1166 2470 1559 2547 Tiberiolus
1604 2494 1798 2543 meus
1816 2496 1893 2542 »ε

333 2602 566 2675 neque
588 2580 838 2650 cuncta
859 2602 900 2647 a
916 2573 1327 2676 primoribus
1352 2571 1640 2655 civitatis
1667 2569 1901 2649 revixi·-¹

329 2677 670 2772 cebatur3
715 2672 940 2775 iisque
973 2674 1369 2748 instantibus
1394 2729 1418 2762 ,
1464 2673 1552 2747 ad
1586 2672 1697 2743 Im
1750 2693 1900 2741 era·-

334 2802 570 2851 torem
605 2776 1026 2877 provocavit.
1098 2778 1247 2850 Nec
1276 2771 1496 2846 multo
1523 2768 1676 2873 post
1719 2788 1903 2841 iterae

333 2874 774 2965 adferuntur,
796 2876 1049 2977 quibus
1064 2877 1138 2949 in
1156 2873 1449 2949 modum
1463 2863 1906 2983 defensio-nisj

333 2977 640 3080 repetito
667 3010 710 3041 α
730 2978 914 3051 inter
936 2977 1004 3052 se
1035 3002 1239 3076 atque
1265 2978 1557 3050 Cottam
1586 2990 1903 3041 amlcltlae

1984 555 2124 620 7850

1964 650 2015 701 J.
2050 647 2117 702 C'·

1995 749 2100 811 32⁸.

330 3078 742 3191 »principio
763 3134 788 3167 ‚
817 3075 1199 3176 crebrisque
1224 3084 1363 3177 ejus
1385 3066 1627 3147 officiis
1641 3100 1683 3133 ω
1710 3094 1905 3141 corn-
1963 3104 1973 3115 ·

332 3202 758 3257 memoratis
775 3234 800 3274 ‚
833 3209 878 3245 α
891 3204 980 3255 ne
996 3176 1203 3257 verba
1218 3176 1419 3279 prave
1437 3171 1705 3247 detorta
1723 3224 1745 3257 ,
1764 3191 1907 3243 neu

1510 3272 1700 3365 cvj

1534 3496 1610 3562 9
