2294 3870
510 181 660 260 *16'8
861 183 1697 257 somniaturum

251 335 490 384 Ε
515 303 674 376 cum
714 305 1009 373 auc‘tores
1037 297 1375 399 ducesque
1406 295 1883 400 conjurationis
1920 307 2047 398 ap³
2257 289 2269 429 1

256 404 325 458 Α·
347 407 406 456 U·
429 406 488 456 C·
510 399 792 503 pellaret
851 399 1175 498 Principis
1234 400 1607 472 libidinum
1657 399 1987 471 ministros
2012 452 2041 485 ‚

315 496 462 566 793·'
513 498 720 574 Urbis
775 499 1371 599 praetoriarumque
1430 500 1817 572 cohortium
1876 522 2073 598 prae-u

305 591 352 642 ³·
381 590 444 638 ⁶·
512 598 722 680 festos
747 654 772 685 ,
813 596 1171 670 Callistum
1199 625 1281 670 ex
1306 595 1567 670 libertis
1595 599 1996 673 cariffimum
2020 649 2045 682 ,

327 687 426 747 ⁴⁰·
508 697 856 800 ipsamque
907 697 1068 770 Caii
1115 723 1398 770 uxorem
1441 695 1848 769 Caesoniam.
1924 694 2047 766 Li·-

508 801 728 872 bertas
753 853 778 887 ,
827 796 1193 870 mendacio
1221 820 1531 897 corrupta
1559 851 1580 884 ‚
1623 795 1797 868 nihil
1868 793 2051 866 atrias

503 895 765 1009 profuit
799 926 817 969 τ
861 897 1191 1000 Capitoni
1234 920 1627 1000 promptum
1665 923 1740 968 ac
1788 823 2048 968 dlilrum

507 999 662 1073 vitae
691 998 950 1072 exitum
983 995 1251 1071 adtulit.
1424 1031 1428 1038 ¹

611 1100 908 1175 X-LVII.
951 1102 1299 1171 ancnvs
1345 1095 1556 1185 verim*
1606 1120 1815 1195 quem
1851 1089 2051 1166 cons-

514 1197 763 1272 cientia
785 1255 808 1288 ,
858 1197 1191 1273 scelerum
1244 1198 1419 1272 testis
1470 1207 1541 1272 &
1587 1195 1835 1270 vindex
1861 1248 1882 1281 ‚
1933 1189 2049 1266 vel

509 1296 863 1372 saevissimis
895 1299 1189 1396 tyrannis
1226 1295 1595 1372 formidata
1615 1329 1657 1385 ,·
1679 1325 1763 1371 an
1810 1319 1926 1365 ore
1966 1320 2049 1367 ac

411 1393 419 1401 ’
513 1397 967 1474 sollicitudine
1024 1399 1380 1488 lancinat,
1450 1397 1685 1471 omnia
1752 1324 2050 1494 aspecsta
2136 1419 2151 1437 ⁴

514 1500 806 1587 habere,
848 1499 1110 1570 nemini
1143 1497 1416 1570 credere
1442 1554 1465 1585 ,
1504 1523 1743 1570 omnes
1775 1517 2047 1566 metue-

509 1605 585 1669 're
612 1627 629 1666 ε
678 1597 889 1668 modo
922 1597 1393 1696 indignatione
1413 1622 1670 1668 «amens
1695 1653 1719 1684 ,
1768 1592 1993 1666 furere
2022 1649 2047 1682 ,

509 1717 856 1792 unamque
897 1720 1128 1798 optare
1218 1692 1423 1795 opulo
1458 1695 1775 1766 Romano
1825 1694 2047 1766 cervi-

507 1821 660 1868 cem
686 1852 710 1885 ,
753 1819 828 1867 ut
855 1792 1101 1872 scelera
1136 1722 1250 1868 filia
1272 1851 1295 1883 ‚
1341 1817 1447 1872 tot
1473 1793 1636 1866 locis
1660 1821 1739 1867 ac
1767 1816 2048 1893 ternpo-

507 1894 692 1970 ribus
719 1893 994 1969 diducta
1019 1954 1042 1987 ,
1086 1897 1162 1970 in
1190 1923 1407 1970 unum
1430 1891 1643 1969 iilum
1670 1951 1693 1986 ,
1727 1901 1800 1969 δε
1823 1919 2045 1966 unum

427 2018 430 2023 ·
507 1991 704 2070 diem
749 2021 1071 2099 cogeret:
1123 1996 1339 2070 modo
1384 1994 1654 2099 ignavia
1696 1990 2048 2083 imbellis,

506 2094 858 2199 desperare
886 2156 909 2189 ,
966 2122 1266 2172 mortem
1313 2124 1605 2197 quaerere
1647 2152 1670 2183 ,
1730 2092 1908 2167 Urbi
1958 2120 2041 2165 ac

558 2200 822 2270 raetorio
902 2198 1197 2291 raefeetos
1220 2253 1243 2283 ‚
1293 2197 1783 2293 Callistumque
1807 2190 2042 2266 arces-

500 2224 648 2367 fere
671 2351 695 2382 ,
731 2227 1198 2367 miAErabiliter
1232 2290 1549 2389 adloqui:
1586 2319 1815 2365 munus
1840 2290 1988 2365 sum
2010 2346 2037 2381 ‚

496 2412 690 2462 utres
740 2391 930 2462 estis:
981 2417 1020 2463 e
1067 2418 1112 2459 o
1160 2388 1377 2460 nudus
1403 2444 1425 2479 ‚
1475 2417 1594 2462 vos
1648 2392 1942 2464 armati:
1986 2390 2039 2463 fl

497 2515 669 2561 :orne
704 2488 928 2561 odistis
950 2543 971 2576 ‚
1016 2418 1301 2561 (givitam
1330 2488 1556 2590 petitis
1580 2546 1603 2578 ‚
1644 2488 1942 2565 occidite
1962 2526 2037 2567 ω..

599 2589 930 2664 XLVIII.
955 2590 1089 2662 Hrs
1121 2587 1366 2667 auditis
1392 2644 1417 2679 ,
1456 2589 1793 2692 perterriti
1819 2590 2035 2665 fidem

501 2688 834 2762 renovant
874 2746 898 2779 ,
961 2714 1104 2763 tuta
1156 2690 1394 2763 omnia
1448 2688 1839 2765 adseverant
1878 2718 1899 2785 ;
1966 2715 2035 2765 at

505 2813 816 2864 mentem
870 2817 1012 2862 non
1065 2788 1341 2863 firmant
1390 2815 1583 2864 metu
1639 2789 2031 2866 invalidam.

501 2890 868 2963 Veteribus
922 2888 1100 2960 vitiis
1154 2889 1603 2989 superstitibus
1638 2947 1660 2978 ,
1718 2891 1909 2964 novis
1957 2892 2035 2964 in

503 2987 649 3061 dies
709 2986 1091 3062 adventitiis
1128 3042 1152 3074 ,
1212 2986 1431 3087 gliscit
1491 2986 1794 3063 formido
1822 3046 1844 3076 ,
1903 3017 2033 3063 nec

498 3086 833 3165 erubescit
851 3086 1163 3189 Princeps
1179 3086 1290 3162 vel
1311 3086 1453 3189 ipsa
1469 3088 1546 3163 in
1557 3090 1747 3165 Urbe
1770 3089 2031 3163 cinetus

1786 3184 2025 3291 gladio
