2294 3870
284 188 296 197 ”
394 294 403 299 ,
494 208 1584 289 L113.VIII.ANNA1.111M.
1672 226 1806 299 161

270 331 618 437 Princeps.
632 334 857 408 Vestis
872 330 1189 434 splendor
1209 334 1280 405 in
1299 335 1560 410 crimen
1583 338 1817 438 capitis
1837 370 2070 416 Ξ

272 436 501 509 statim
516 433 735 507 ceflit:
768 459 892 507 nec
910 434 1099 534 re'gio
1126 432 1468 550 adfinique
1493 435 1813 539 sanguine
1836 430 1898 484 A·
1921 436 1983 483 U·
2005 436 2072 486 C·

274 534 433 607 satis
476 533 777 634 expiatus
804 588 827 621 ,
872 532 994 604 nifi
1042 534 1476 608 Mauretania
1527 537 1598 608 in
1650 536 1814 612 duas

276 633 699 708 divideretur
722 632 1096 735 provincias
1111 690 1132 720 ,
1154 659 1300 732 quae
1325 634 1812 711 dominationis

276 736 607 807 Romanae
666 734 851 831 aeque
890 787 912 820 ,
983 760 1060 805 ac
1114 735 1438 836 Principis
1491 733 1813 811 saevitiam

274 830 710 907 infamarent.
816 829 1051 904 Paullo
1113 832 1327 905 laetior
1374 889 1397 922 ‚
1469 836 1562 909 ob
1623 834 1817 938 spem

280 931 659 1023 meliorum¹
697 956 1089 1031 temporum
1112 990 1133 1020 ,
1174 929 1310 1006 sors
1349 931 1696 1009 Antiocho
1743 948 1817 1011 δε

280 1030 677 1129 Mithridati
723 1030 995 1143 obtigit.
1069 1030 1196 1105 Ille
1224 1090 1245 1120 ,
1297 1030 1562 1146 semper
1605 1035 1818 1108 infida

1889 526 2021 585 793.

1878 602 1928 652 J.
1959 604 2026 653 C.

1897 696 1998 748 40·
2039 728 2052 749 κ

281 1131 625 1205 malorum
692 1130 1083 1231 Principum
1154 1130 1453 1205 amicitia
1530 1136 1818 1207 minime
1923 1156 1934 1161 “

282 1258 467 1305 tutus
490 1288 513 1319 ‚
558 1258 629 1303 re
678 1258 769 1303 no
798 1229 1071 1303 orbatus
1100 1233 1213 1304 est.
1260 1232 1390 1306 Hic
1420 1232 1508 1306 ad
1534 1234 1818 1348 praesen-

284 1333 457 1405 tiam
488 1258 761 1403 Caesgris
790 1334 1019 1403 vedius
1054 1330 1446 1431 vatusque
1472 1382 1508 1421 ,-
1542 1360 1619 1407 m
1652 1332 1818 1409 exfi-

280 1431 455 1505 lium'
500 1432 591 1504 est
628 1434 979 1529 projestus.

377 1530 681 1603 XXXV.
725 1533 912 1601 Posi·
962 1528 1087 1625 has¹
1122 1525 1555 1629 grassationes
1579 1586 1602 1619 ,
1651 1530 1820 1606 defi-

280 1627 503 1703 ciente
569 1630 642 1702 in
704 1628 977 1701 Galliis·
1024 1630 1409 1729 rapinarum
1476 1633 1760 1704 materie
1789 1688 1815 1723 ,

281 1728 621 1804 recruduit
670 1728 931 1802 militiae
977 1726 1233 1809 insania
1258 1785 1281 1818 ‚
1337 1756 1532 1813 more
1578 1730 1815 1805 libidi-

276 1854 451 1903 num
489 1887 513 1918 ,
564 1855 709 1927 quae
739 1886 763 1919 ,
815 1827 936 1902 ubi
996 1829 1343 1903 invaluere
1383 1886 1407 1921 ,
1465 1856 1815 1905 mutantur

274 1926 446 2031 saepe
474 1987 499 2018 ,
544 1957 921 2030 numquam
967 1928 1336 2004 intereunt.
1420 1932 1450 2003 I
1501 1931 1636 2004 itur
1673 1960 1817 2005 non

326 2029 700 2131 ropagandi
769 2031 1043 2131 imperii
1106 2029 1326 2103 studio
1367 2085 1390 2117 ,
1451 1961 1568 2104 {d
1624 2030 1820 2104 solita

274 2057 561 2205 fevitate
585 2185 608 2218 ,
656 2128 762 2202 vel
794 2129 963 2203 vani
991 2131 1034 2208 J
1036 2127 1161 2203 ulii
1184 2126 1461 2202 Caesaris
1486 2185 1509 2218 ,
1548 2131 1817 2203 Britan-

274 2256 533 2320 norum
585 2229 851 2303 victoris
888 2278 942 2321 ‚·
976 2228 1409 2305 aemulatione
1442 2285 1466 2318 ,
1524 2223 1821 2331 suscepta

276 2329 624 2432 expeditio
673 2329 1063 2404 Britannica
1111 2362 1130 2406 ι
1197 2329 1595 2431 ingentique
1657 2357 1816 2405 cum

276 2430 573 2505 exercitu
612 2427 1053 2504 Gesoriacum
1079 2486 1104 2519 ,
1151 2430 1592 2504 Morinorum
1628 2432 1817 2533 oppi-

277 2529 446 2603 dum
480 2585 503 2618 ‚
552 2529 735 2602 unde
769 2527 987 2605 facilis
1024 2531 1098 2602 in
1138 2528 1424 2605 insulam
1464 2536 1814 2632 trajectuS‚

278 2654 714 2733 properatum
745 2632 856 2704 est.
915 2630 1079 2703 Dux
1116 2629 1285 2704 belli
1319 2628 1538 2703 Caesar
1564 2686 1587 2719 ‚
1630 2630 1814 2730 quasi

276 2757 447 2803 unus
486 2728 851 2803 doman'dis
888 2730 1185 2804 hostibus
1227 2727 1408 2800 haud
1452 2729 1671 2828 impar
1699 2785 1722 2817 ,
1755 2757 1818 2811 ¹e

276 2853 477 2930 portu
502 2826 744 2902 solvit:
788 2857 950 2904 mox
982 2829 1188 2905 rediit
1208 2884 1230 2917 ,
1273 2849 1544 2941 recepto
1574 2827 1648 2896 in
1692 2825 1816 2901 de-

278 2929 619 3003 ditionem
657 2928 999 3004 Adminio
1026 2987 1049 3019 ,
1095 2925 1517 3003 Cunobelmi
1548 2925 1814 2999 Britan-

272 3053 523 3102 norum
549 3029 728 3128 regis
750 3029 899 3102 filio
921 3087 943 3118 ,
978 3029 1098 3128 qui
1124 3026 1348 3130 pulsus
1375 3055 1414 3101 a
1440 3047 1626 3129 patre
1654 3051 1816 3134 curn

272 3126 515 3235 exigua
561 3155 778 3205 manu
802 3127 1286 3238 transfugerat.
