2294 3870
519 257 670 306 220
857 227 1705 306 Surrrtutrrruu

513 349 796 426 Claudii
813 373 1122 422 mentem
1147 352 1319 424 citra
1344 349 1606 426 bellum
1628 355 1863 428 terreri
1884 357 2041 458 poit-

251 447 324 500 Λ·
337 449 404 495 ¹³·
425 450 488 498 c·
509 452 618 541 se,
651 479 812 526 eum
837 449 1329 524 contumeliosa
1352 453 1753 570 minacique
1766 457 2043 557 epistola

305 541 440 596 795·

279 622 338 672 J,
367 621 434 671 C-

313 716 420 772 9⁸·

519 585 566 616 a
593 553 838 626 cedere
887 551 1253 651 imperio»
1302 551 1503 648 jubet
1534 609 1559 641 ,
1620 581 2039 655 curamque
2174 567 2183 574 “

507 651 846 725 „otiosam
877 651 954 723 in
1037 647 1247 722 rivati
1278 675 1353 722 re
1478 679 1593 726 ere
1608 689 1683 726 υ.
1748 656 2067 731 Mobilis·

503 751 726 826 Caesar
733 761 873 852 jam
891 750 988 822 du
1035 751 1271 835 itabat,
1284 680 1606 824 ειάἰῗίἰίῑὶς
1616 755 2043 856 principibus

497 853 660 925 viris
685 909 710 942 ,
749 880 840 924 an
867 851 1373 953 obtemperaret
1390 907 1415 939 ,
1454 851 1615 924 cum
1644 856 2042 930 nuntiatum

495 955 593 1026 est
631 985 678 1016 e
693 952 1118 1027 Scriboniani
1147 950 1494 1025 fortunam
1522 953 1883 1029 evanidam
1914 985 2049 1058 pe-

495 1051 732 1127 ariiffe
763 1083 784 1126 t
823 1051 1183 1154 legionum
1208 1079 1435 1150 neque
1468 1052 1723 1152 aquilas
1750 1059 1979 1129 ornari
2008 1115 2039 1148 ,

495 1182 602 1226 :nn
693 1182 778 1228 ue
793 1151 844 1226 fi
995 1153 1293 1228 convelli
1308 1154 1707 1253 moverique
1724 1155 2035 1256 potuiffe:

495 1289 544 1325 a
633 1257 648 1269 “
683 1255 701 1271 ’
737 1279 808 1330 es
827 1181 1036 1328 ἕξω
1059 1279 1255 1329 metu
1272 1309 1297 1342 ,
1316 1252 1577 1328 violatae
1593 1255 1757 1328 fidei
1818 1257 2035 1333 udore

495 1355 630 1428 ain
645 1355 1110 1458 paenitentiam
1129 1353 1483 1428 conversos
1501 1412 1526 1445 ‚
1554 1283 1835 1430 Clautffi
1856 1357 2042 1430 ima-

497 1457 746 1557 aegines
767 1453 1067 1529 adoraffe
1082 1513 1106 1546 ,
1149 1452 1491 1529 renovasse
1512 1453 2035 1533 sacramentum.

495 1556 1070 1627 »Scribonianum
1109 1608 1134 1641 ,
1202 1577 1553 1626 amentem
1608 1556 1825 1633 animi
1858 1615 1885 1647 ,
1952 1559 2031 1632 in

493 1651 752 1725 wlffam
775 1652 1064 1727 insulam
1089 1649 1460 1753 profilgiffe
1488 1681 1512 1747 3
1558 1653 1795 1754 ibique
1820 1684 1859 1728 a
1882 1659 2040 1733 Vo-

492 1752 806 1854 miaginio
837 1810 862 1844 ,
919 1753 996 1825 in
1056 1753 1279 1825 uxoris
1336 1752 1605 1852 gremio
1642 1810 1667 1843 ,
1728 1755 2059 1833 occisum·

489 1854 792 1957 aquinro
835 1851 1229 1928 rebellionis
1268 1849 1471 1930 die».

605 1956 984 2031 XXXVII.
1027 1956 1353 2027 Turnus
1394 1952 1649 2045 nuntiis
1684 1982 1723 2028 e
1762 1954 2055 2032 timidi-·

493 2050 634 2131 ta'te
681 2056 771 2128 ad
811 2054 1240 2129 securitatem
1287 2078 1631 2129 revocatus
1661 2056 1974 2157 Princeps
2001 2114 2031 2147 ‚

491 2146 946 2270 Volaginium
977 2183 1016 2229 e
1049 2154 1357 2270 gregario
1383 2153 1605 2229 milite
1642 2155 1730 2227 ad
1760 2154 2036 2229 summa

495 2256 757 2330 milinae
797 2280 1102 2359 provexit
1133 2284 1160 2350 3
1207 2277 1413 2351 atque
1434 2310 1459 2343 ‚
1500 2278 1575 2327 ut
1594 2256 2027 2330 exercituum

491 2357 708 2431 fidem
745 2356 1164 2431 consecraret
1180 2408 1203 2441 ,
1244 2376 1482 2451 praeter
1520 2351 1715 2426 solita
1748 2358 2029 2454 praemia

489 2457 710 2532 voluit
735 2490 780 2522 u:
795 2456 1097 2559 legiones
1111 2451 1473 2553 septimam
1488 2460 1561 2529 &
1578 2452 2031 2540 undecimam,

487 2556 956 2631 »Claudianas
979 2604 1004 2645 5
1050 2556 1191 2657 pias
1213 2611 1237 2643 ,
1286 2548 1517 2627 felices
1559 2580 1601 2625 a
1630 2550 1865 2628 senatu
1902 2584 2029 2658 ap-

487 2655 1163 2761 apellari2b31audem
1182 2652 1451 2758 providi
1463 2652 1787 2755 Principis
1804 2682 2027 2756 repor-

491 2783 745 2835 taturus
769 2814 792 2846 ,
830 2757 882 2830 fi
904 2815 929 2847 ,
965 2758 1217 2859 punitis
1250 2754 1490 2855 flagitii
1523 2755 1975 2855 repertoribus
1992 2812 2021 2846 ,

489 2868 750 2935 eeteros
779 2855 1235 2929 diffimulaffet
1264 2910 1288 2943 ,
1344 2878 1463 2927 aut
1492 2851 1857 2929 clementia
1894 2854 2023 2930 de-

486 2954 818 3035 vinxiffet.
859 2954 958 3028 At
980 2953 1343 3029 Messalina
1362 2962 1436 3027 &
1459 2951 1687 3028 liberti
1706 3012 1729 3043 ‚
1755 2954 2021 3058 arrepta

487 3057 615 3130 hac
669 3054 981 3131 saeviendi
1031 3064 1110 3130 δε
1141 3055 1217 3127 in
1266 3055 1660 3151 quorumvis
1711 3051 2019 3129 fortunas

486 3153 837 3237 involandi
851 3154 1199 3236 occafione
1215 3213 1239 3252 ‚
1266 3179 1427 3231 eum
1446 3154 1533 3230 ad
1561 3153 2042 3235 immodicam-1
