2294 3870
565 215 1551 296 L11.X.ANNA‘1.115M.
1714 239 1846 316 2'55

420 333 692 414 XXVI.
709 341 1088 414 VAm-:nms
1120 338 1447 413 Asiaticus
1472 341 1545 412 11-
1562 396 1584 428 ,
1611 339 1720 412 Μ.
1738 341 1863 416 Ju-
1884 362 2121 410 Ξ

321 433 474 510 nius
499 437 762 513 Silanus
788 439 1207 514 consulatum
1232 441 1447 515 iniere
1465 496 1488 529 ‚
1520 438 1853 542 dignitate
1880 431 1942 484 Α·
1964 431 2027 480 U·
2047 429 2119 484 ⁰·

319 561 512 637 pates
535 595 558 628 ,
603 539 817 641 gratia
847 531 919 616 &
941 542 1182 644 opibus
1218 539 1532 644 dispares.
1594 538 1854 615 Silanus
1916 523 2067 655 ἕξ·

319 640 486 711 stato
526 663 835 742 tempore
875 644 1337 757 magistratum
1374 638 1614 744 posuit.
1662 638 1855 714 Afia-
1948 631 2077 753 ⁶46·-

319 739 492 811 ticus
539 743 700 814 vero
725 793 755 832 ,Γ
805 741 961 815 licet
1001 769 1076 814 in
1114 766 1341 814 totum
1379 769 1637 816 annum
1678 740 1855 816 defi-

321 862 560 940 gnatus
593 898 616 930 ,
659 837 728 914 se
757 838 1118 915 abdicavit.
1179 840 1267 914 Id
1302 841 1585 941 quidem
1611 843 1855 943 praesti-

319 963 538 1014 terant
567 950 642 1014 &
670 940 786 1012 alii
817 968 834 1012 ε
883 965 953 1014 at
977 942 1051 1013 hi
1079 941 1371 1014 modicis
1405 933 1691 1015 fortunis
1714 1000 1737 1032 ,
1782 953 1857 1017 δε
1914 985 1921 992 -

316 1039 748 1114 Circensium
769 1039 1091 1114 ludorum
1115 1039 1492 1144 sumptibus
1512 1095 1535 1131 ‚
1573 1042 1693 1141 qui
1724 1043 1857 1116 im-

311 1139 673 1214 moderate-
703 1167 1134 1216 excreveran't
1156 1199 1179 1232 ,
1214 1143 1525 1243 impares·
1557 1141 1683 1215 Ille
1704 1170 1857 1216 mo-

313 1264 466 1313 tam
510 1238 837 1341 Principis
881 1241 1095 1342 gratia
1124 1299 1152 1331 ,
1199 1241 1417 1316 altero
1454 1239 1801 1315 consulatu
1828 1297 1871 1338 ,ἱ

308 1339 668 1414 immensis
740 1341 996 1415 divitiis
1051 1342 1382 1416 invidiam
1442 1342 1805 1416 verebatur
1834 1371 1865 1413 z·

310 1438 496 1513 male
530 1437 872 1516 consultus
897 1498 920 1532 ,
963 1442 1084 1543 qui
1103 1498 1126 1532 ,
1156 1441 1280 1516 ubi
1308 1441 1577 1516 summa
1650 1442 1815 1514 ratia
1831 1496 1857 1530 ‚

309 1567 574 1642 magnae
611 1569 775 1644 opes
799 1600 822 1633 ‚
870 1542 1202 1646 adrepens
1242 1544 1502 1618 invidia
1525 1600 1551 1634 ,
1590 1469 1855 1644 {Suspec-

311 1665 456 1715 tam
481 1651 554 1718 &
574 1642 869 1718 intutam
897 1641 1027 1719 effe
1059 1643 1463 1720 modestiam
1488 1701 1513 1735 ‚
1566 1641 1861 1744 decoros

309 1743 474 1816 verb
518 1752 590 1817 &
611 1767 813 1818 ¹tutos
863 1744 1157 1820 honores
1202 1748 1541 1820 maximos
1560 1801 1584 1834 ,
1632 1743 1859 1819 modo

309 1867 450 1915 non
497 1842 912 1918 immodicos
947 1899 971 1934 ‚
1023 1845 1207 1920 haud
1243 1843 1681 1949 intelligeret.

412 1944 723 2019 XXVII.
751 1948 1185 2017 MussAmNA
1213 2000 1236 2033 ‚
1277 1946 1369 2017 ob
1400 1932 1851 2025 luxfis'moni-

303 2032 588 2132 menta,
623 2070 772 2141 quae
799 2042 1189 2129 invidebat,
1218 2041 1517 2116 Afiatico
1545 2040 1808 2114 infensa
1823 2098 1848 2131 ‚

303 2143 479 2243 quid
531 2138 847 2215 adversus
888 2167 1050 2214 eum
1093 2139 1349 2215 valeret
1374 2198 1397 2230 ,
1437 2144 1548 2215 M.
1586 2139 1853 2215 Vinicii

295 2241 502 2315 ruina
527 2242 964 2345 praetentavit.
1007 2242 1120 2315 Bis
1143 2240 1420 2331 consul,
1460 2266 1649 2345 patre
1682 2267 1853 2313 con-

299 2341 503 2416 sulati
529 2367 748 2433 ortuS‚
777 2341 1118 2417 Caesarum
1144 2342 1497 2417 adfinitate
1515 2340 1847 2430 inlustris,

299 2442 617 2519 Vinicius
652 2442 772 2545 ipfi
802 2446 994 2517 tanto
1021 2468 1165 2517 erat
1196 2442 1559 2547 suspectior
1581 2501 1607 2535 ,
1653 2441 1845 2543 quod

304 2542 392 2616 ab
425 2542 504 2617 ea
541 2542 722 2618 laesus
749 2599 772 2633 ‚
812 2541 1172 2618 interfecta
1214 2572 1419 2621 uxore
1459 2552 1601 2653 ejus
1638 2545 1681 2622 J
1686 2542 1843 2617 ulia.

303 2642 588 2719 Merum
633 2642 1075 2745 furoremque
1117 2643 1474 2719 addiderat
1515 2644 1847 2747 pudicitia

301 2743 632 2819 incaffum
655 2769 931 2821 tentata.
948 2740 1347 2839 ⁸Obscurum
1374 2768 1607 2816 tamen
1633 2741 1845 2817 scelus

305 2844 602 2945 quaefivit
640 2874 662 2941 3
727 2846 1090 2945 virumque
1147 2840 1439 2919 invisum
1506 2840 1703 2915 simul
1766 2852 1842 2918 &t

305 2946 635 3021 diletStum
653 3004 676 3035 ‚
719 2944 1245 3046 melioribusque
1282 2943 1699 3045 temporibus
1730 2942 1841 3016 diss·

304 3074 520 3149 gnum
548 3104 570 3136 ,
621 3074 886 3121 veneno
930 3045 1205 3122 sustulit.
1269 3050 1525 3120 Funere
1611 3043 1841 3119 ublico

303 3157 378 3222 δε
426 3146 816 3226 laudatione
863 3146 1162 3226 celebres
1222 3144 1413 3224 fuere
1468 3172 1509 3222 e
1578 3146 1841 3251 equiaei
