2294 3870
1021 164 1071 183 χ

1078 182 1117 194 x

561 236 1151 303 stNNA'truM
1205 224 1413 299 Iun.
1465 226 1642 303 Vl.
1717 256 1880 301 101·

300 346 574 423 'exitum
596 343 860 445 delegit
876 401 897 433 ‚
918 349 1095 444 jacito
1114 345 1190 419 in
1211 372 1496 447 praeceps
1521 350 1803 447 corpore
1834 372 2108 419 s&

304 446 506 521 causa
522 445 613 519 ad
632 471 931 518 matrem
944 440 1390 544 referebatur,
1410 473 1556 545 quae
1578 445 1848 547 pridem
1871 434 1932 483 A.
1960 437 2017 485 υ·
2040 438 2102 488 C·

308 546 661 648 repudiata
700 603 724 636 ,
789 542 1362 627 adsentationibus
1428 571 1630 645 atque
1688 545 1846 620 luxu
1920 530 2061 653 3⁷⁹3·

308 644 698 748 perpulisset
720 655 1044 746 juvenem
1066 646 1158 719 ad
1189 674 1269 720 ea
1294 704 1317 735 ,
1356 672 1650 745 quotum
1681 644 1850 721 effu·
1931 636 2058 755 30⁰7·-

308 747 507 848 gium
560 774 727 840 non·
757 744 885 818 nifi
930 770 1158 821 morte
1204 747 1555 819 inveniret.
1631 748 1848 848 Igitur

309 846 615 921 accusata
664 847 739 919 in
795 844 1028 919 senatu
1068 903 1091 935 ‚
1151 874 1570 947 quamquam
1629 875 1851 948 genua

306 970 581 1049 patrum
624 945 1134 1034 advolveretur,
1179 980 1221 1012 α
1241 946 1634 1045 lustumque
1663 976 1849 1021 com-

306 1072 655 1120 :omunem
673 1104 696 1135 ,
723 1056 795 1121 δε
816 1048 1033 1147 magis
1052 1046 1486 1124 imbecillum
1507 1045 1626 1146 teli
1651 1046 1848 1151 supet

304 1145 521 1219 »casu
565 1144 977 1220 feminarum
1024 1147 1332 1221 animum
1352 1183 1427 1237 n,
1479 1145 1741 1246 aliaque
1772 1150 1847 1223 in

306 1245 642 1320 eumdem
670 1246 984 1320 dolorem
1019 1249 1240 1319 maesta
1279 1305 1302 1337 ,
1352 1258 1424 1323 δε
1469 1244 1848 1321 miseranda

310 1346 442 1421 diu
468 1342 669 1421 ferret
690 1404 713 1436 ‚
758 1346 953 1421 Urbe
986 1370 1221 1423 tamen
1246 1347 1320 1418 in
1349 1345 1592 1420 decem
1635 1358 1847 1423 annos

306 1446 652 1549 prohibita
682 1450 773 1523 est
799 1504 822 1537 ,
876 1446 1098 1521 donec
1140 1446 1372 1521 minor
1418 1444 1594 1519 filius
1640 1445 1870 1550 lubriw,¹

306 1574 470 1620 cum
491 1556 781 1649 juventae
812 1549 1063 1623 exiret.·
1572 1564 1580 1568 '

404 1650 489 1721 L.
522 1649 679 1725 JAM
706 1649 1075 1723 Tiberium
1106 1674 1224 1721 cor
1271 1675 1344 1723 us
1371 1704 1394 1739 ‚
1439 1656 1580 1748 jam
1622 1647 1848 1739 vires,'

298 1747 621 1822 nondum
686 1748 1117 1824 diffimulatio
1237 1748 1554 1823 eserebat.
1643 1747 1846 1821 Idem

302 1849 525 1921 animi
560 1850 785 1952 rigor:
825 1847 1137 1925 sermone
1168 1877 1243 1922 ac
1277 1847 1469 1925 vultu
1497 1851 1798 1923 intentus
1816 1905 1843 1940 ,

461 1947 581 2023 fita
600 1951 943 2028 interdum
967 1951 1291 2026 comitate
1308 2008 1331 2040 ,
1364 1951 1671 2051 quamvis
1699 1979 1844 2024 ma-

298 2047 627 2125 nifestam
644 2049 1097 2128 defeffionem
1109 2052 1415 2152 tegebat:
1435 2047 1844 2149 mutatisque

302 2147 387 2222 sae
438 2150 543 2224 ius
562 2149 761 2240 locis,
790 2152 1069 2229 tandem
1086 2181 1127 2224 a
1175 2150 1270 2223 ud
1293 2150 1844 2252 promontorium

302 2177 571 2324 lvii-seni
590 2251 891 2327 consedit
908 2311 931 2343 ,
959 2255 1031 2326 in
1054 2253 1123 2326 vi
1154 2249 1216 2324 13
1234 2308 1256 2340 ‚
1289 2250 1400 2323 cui
1424 2253 1504 2324 L.
1526 2247 1846 2322 Lucullus

300 2350 659 2449 quondam
692 2353 1013 2427 'dominus
1042 2383 1058 2424 ε
1108 2351 1249 2424 illic
1286 2350 1446 2425 eum
1473 2349 1843 2451 adpropin-

298 2477 516 2546 quare
546 2449 620 2525 su
668 2454 873 2527 remis
898 2511 923 2542 ,
961 2453 1082 2528 tali
1128 2451 1344 2536 modo
1386 2477 1838 2552 compertum.

299 2551 463 2624 Erat
494 2480 799 2627 medicus
824 2579 966 2628 arte
992 2552 1267 2655 insignis
1287 2611 1310 2642 ‚
1338 2553 1620 2626 nomine
1645 2551 1840 2625 Cha-

300 2648 498 2728 ricles
521 2707 544 2739 ‚
600 2657 745 2726 non
795 2653 1083 2753 quidem
1134 2680 1367 2768 regere
1419 2649 1842 2724 valetudines

300 2751 629 2851 Principis
666 2751 897 2828 solitus
917 2811 939 2843 ‚
981 2751 1241 2827 confili1
1290 2777 1522 2824 tamen
1569 2752 1838 2848 copiam

298 2848 617 2948 praebere.
667 2856 733 2924 Is
768 2854 954 2929 velut
1031 2853 1254 2970 ropria
1297 2849 1385 2924 ad
1420 2848 1698 2950 negotia
1731 2847 1841 2919 di-

298 2949 614 3047 grediens
632 3007 654 3038 ,
694 2963 770 3027 δε
805 2982 925 3056 pet
962 2882 1257 3056 igecrem
1301 2947 1509 3026 officii
1551 2973 1836 3020 manum

291 3049 691 3150 complexus
731 3110 756 3140 ,
822 3052 1089 3156 pulsum
1149 3077 1471 3127 venarum
1547 3045 1772 3148 attigit
1808 3075 1862 3142 3·

294 3175 517 3251 neque
560 3147 819 3230 fefellit
852 3184 871 3230 z
920 3183 1085 3232 nam
1129 3148 1836 3324 TiberiusEinqertum

868 3263 889 3282 .
1562 3256 1633 3348 ni
