2294 3870
335 229 560 320 N(rr
611 202 868 278 CAro
919 197 1559 276 mummius.
1664 227 1807 296 401

277 324 671 399 extolleretur:
711 339 938 402 totaque
973 317 1151 380 moles
1194 336 1277 380 tot
1312 317 1555 381 materiis
1573 366 1589 394 ‚
1622 317 1813 382 ferreis

282 405 542 476 vinculis,
567 399 786 484 'fiinibus
805 445 822 475 ,
846 421 918 459 ne
937 397 1219 459 laederetur
1232 445 1249 475 ,
1273 402 1570 481 compasta
1588 393 1694 475 est,
1717 421 1776 461 ut
1790 417 1823 476 ,·

281 481 412 546 cuim
453 483 824 553 attolleretur,
869 479 1125 542 aestimata
1158 477 1221 540 {it
1288 482 1446 540 oudo
1484 499 1703 556 1,043,5
1716 502 1810 558 37.

279 562 525 640 Quantae
551 559 686 642 ergo
701 606 717 634 ,
743 559 888 620 Caio
907 557 1166 638 Principe
1184 604 1201 632 ,
1284 562 1383 620 &ae
1404 557 1527 619 sunt
1546 559 1809 638 impensa

282 662 340 702 ut
377 637 641 700 obeliscus
665 640 758 700 ille
793 657 860 699 ex
882 637 1136 720 AEgypto
1172 635 1451 698 efferretur
1470 685 1489 714 ,
1524 635 1667 698 Nilo
1702 660 1810 698 na-

279 721 436 784 vibus
467 717 843 782 subveheretur
866 763 884 793 ,
917 721 977 777 in
1003 716 1315 783 admirabili
1342 715 1469 778 Caii
1500 739 1644 778 nave
1677 719 1809 778 col·-

279 800 552 860 locaretur
569 844 588 873 ,
625 820 728 880 per
753 816 908 857 mare
933 794 1277 869 deferretur}
1306 796 1437 856 inde
1465 801 1625 856 novis
1645 799 1809 857 navi-

281 879 382 940 bus
413 879 607 940 Tiberi
654 875 942 958 impositus
971 874 1231 940 Romam
1272 874 1555 938 duceretur
1576 921 1593 949 ,
1629 875 1809 938 rursus

239 975 246 982 ·
281 960 650 1020 extraheretur
678 977 698 1032 3
739 961 796 1013 δε
821 1001 838 1029 ,
879 954 969 1013 vel
1005 952 1077 1012 ad
1119 955 1301 1035 ripam
1341 957 1491 1014 circo
1523 953 1809 1016 Vaticano

276 1041 607 1119 propiorem
644 1033 870 1093 eductus
891 1077 908 1105 ,
947 1031 1020 1092 ad
1052 1031 1229 1114 duplo
1270 1034 1495 1114 longius
1532 1029 1769 1113 spatium
1786 1079 1805 1108 ,

277 1117 450 1199 quam
465 1135 580 1198 quo
601 1113 782 1174 Sixtus
796 1111 854 1174 V
871 1111 1098 1172 duxerat
1113 1156 1130 1184 ‚
1151 1111 1451 1174 traheretur
1466 1157 1482 1185 ,
1500 1131 1566 1171 ac
1582 1111 1807 1171 demum

276 1215 516 1278 quatuor
567 1194 772 1268 truueis
819 1189 1092 1270 lapidibus
1124 1235 1142 1264 ,
1227 1195 1387 1252 ariter
1434 1211 1503 1252 ex
1550 1188 1805 1276 AEgypto

277 1273 518 1334 advectis
548 1269 1088 1364 superimponeretur
1114 1278 1127 1327 Ξ
1225 1289 1245 1330 t
1279 1268 1409 1330 etim
1447 1269 1565 1329 haec
1597 1271 1657 1328 in
1688 1291 1805 1330 uno

276 1349 518 1414 obelisco
543 1369 809 1410 miramur
828 1395 848 1423 ,
886 1346 1019 1432 quid
1043 1345 1082 1406 fi
1105 1351 1413 1431 cogitemus
1438 1345 1590 1407 fuisse
1613 1347 1810 1408 Romae

275 1429 366 1493 sex
388 1451 482 1490 ma
539 1449 627 1488 ios
647 1425 912 1488 obeliscos
929 1473 948 1504 ,
969 1432 1023 1486 &
1043 1447 1247 1507 parvos
1310 1427 1477 1487 uadra
1520 1427 1633 1485 inta
1652 1425 1811 1502 duoS,

277 1511 407 1572 teste
496 1510 670 1568 idiote
691 1553 708 1581 ,
741 1505 812 1570 de
832 1505 1177 1590 Regionibus
1201 1506 1293 1568 Ur
1328 1509 1415 1568 is?
1454 1446 1652 1566 ἐκτει-
1679 1505 1811 1566 Do-

277 1589 546 1648 minicum
573 1584 887 1645 Fontanam
905 1632 921 1660 ,
959 1587 1054 1668 qui
1083 1605 1217 1667 egre
1259 1590 1373 1646 ium
1398 1605 1543 1668 opus
1568 1581 1811 1664 scripsit,

279 1665 424 1727 della
484 1663 931 1745 Trafivortatione
979 1661 1107 1724 dell’
1171 1607 1417 1745 Offielifiv
1473 1662 1758 1728 Vaticano
1784 1708 1811 1740 ,

275 1745 398 1807 vide
420 1745 680 1806 Bonanni
698 1789 715 1817 ,
735 1743 1086 1822 Numismata
1107 1741 1453 1806 Summarum
1476 1741 1809 1822 Pontificum

279 1823 464 1900 templi
486 1818 761 1888 Vaticani
772 1817 1057 1892 fabricam
1073 1819 1428 1896 indicantia,
1457 1821 1546 1882 Ca
1590 1863 1606 1881 .
1674 1843 1726 1900 3.
1750 1828 1811 1881 &

279 1901 504 1985 castelli
526 1948 543 1975 ,
577 1920 606 1960 e
640 1898 814 1961 Ponti
861 1896 918 1960 di
960 1895 1205 1977 Maestro
1247 1897 1489 1961 Niccola
1520 1843 1685 1959 {asa
1724 1897 1811 1960 lia

281 2004 382 2045 con
407 1982 463 2041 la
487 1978 816 2057 defi-rigiano:
842 1975 930 2035 del
955 1975 1221 2053 tra-{porto
1256 1976 1383 2037 dell’
1410 1974 1655 2055 Obelisco
1738 1996 1813 2041 ao

279 2062 470 2123 ticano
490 2056 577 2118 del
593 2053 890 2118 Caraliere
905 2052 1215 2118 Domenico
1230 2054 1284 2119 F
1279 2072 1512 2115 ontana.
1527 2055 1595 2113 In
1608 2054 1813 2115 Roma.

277 2140 359 2202 Pa
401 2138 602 2199 liarini.
631 2155 800 2211 1743.
822 2132 969 2193 Tab.
998 2137 1068 2207 38
1093 2139 1151 2191 &
1172 2155 1267 2204 40.
1290 2141 1343 2193 &
1371 2131 1528 2216 seqq.

427 2238 446 2279 t
469 2218 647 2297 magis
673 2214 855 2273 adhuc
878 2210 1240 2293 perspiciatur
1304 2232 1470 2273 uanta
1496 2209 1657 2277 fixerit
1681 2210 1813 2272 Caii

281 2301 437 2361 navis
460 2342 476 2370 ,
517 2292 916 2354 observaverim
955 2294 1233 2351 minorem
1339 2292 1430 2352 ‘ffe
1452 2338 1468 2366 ,
1514 2293 1815 2351 maximam

284 2397 470 2439 tamen
493 2421 509 2448 ,
557 2394 758 2433 navem
786 2417 803 2445 ,
857 2371 968 2454 qua
1008 2370 1293 2453 Augustus
1345 2367 1644 2431 obeliscum
1683 2368 1814 2429 ante

279 2456 588 2516 advexerat.
629 2453 722 2512 De
752 2451 865 2522 han,
886 2471 1027 2510 nave
1059 2453 1138 2509 ita
1164 2450 1271 2511 Mc
1298 2448 1651 2511 Bibliothecae
1684 2446 1817 2511 Cae-

283 2534 448 2596 sareae
475 2527 927 2591 vindobonenfis
948 2572 965 2600 ‚
1001 2548 1159 2585 num.
1187 2534 1320 2601 648.
1351 2533 1409 2589 in
1473 2551 1546 2589 uo
1568 2527 1811 2603 Imperia

285 2610 567 2691 Caesarum
588 2604 896 2666 summatim
917 2607 1285 2665 continentur.
1303 2606 1420 2665 Hoc
1476 2626 1778 2683 mperatore
1792 2650 1815 2681 ,

284 2689 541 2773 Augusto
567 2730 585 2760 ,
624 2682 790 2743 navis
820 2680 1213 2742 Alexandrina
1246 2682 1479 2759 primum
1509 2685 1567 2743 in
1600 2702 1818 2759 portum

286 2769 595 2831 Romanum
617 2760 871 2823 introivit
889 2806 906 2835 ,
930 2760 1149 2821 nomine
1172 2762 1393 2824 Acatus
1410 2810 1428 2837 ‚
1455 2759 1597 2822 forte
1620 2762 1817 2823 Acha-

288 2868 365 2911 tes
389 2894 406 2921 ,
442 2862 558 2927 quoe
585 2838 778 2902 attulit
788 2837 1065 2915 frumenti
1094 2838 1302 2901 modios
1327 2856 1493 2901 cccc
1513 2886 1534 2915 ,
1574 2840 1815 2901 vedores

289 2942 433 2988 mcc
463 2971 486 3000 ,
517 2920 705 2997 piper,
746 2918 1044 2980 linteamen
1069 2966 1089 2995 ‚
1126 2936 1322 2993 carta,
1364 2917 1539 2979 vitria
1571 2916 1635 2979 o·
1674 2939 1815 2995 opo..
1898 2933 1904 2938 ¹

286 3006 473 3083 list-um
490 3047 510 3075 ,
531 3004 672 3059 corri
716 3018 747 3057 e
769 3018 796 3057 c
1255 2996 1459 3057 fastam
1476 3020 1545 3059 ex
1557 3018 1779 3080 papyro
1792 3044 1817 3073 ,

287 3084 468 3150 vitrea
485 3125 507 3157 ‚
547 3076 609 3141 o
649 3019 785 3142 οἷαι·
799 3015 980 3156 {siff
994 3020 1374 3163 ’cssffffifibz
1401 3075 1527 3161 base
1550 3123 1575 3159 ‚
1615 3078 1707 3161 qui
1739 3076 1819 3164 ⁶ss
