2294 3870
625 191 1623 277 AnuAriuMan.V1.
1794 197 1877 297 63

338 353 386 391 a·
396 317 594 426 supra
611 348 902 412 ceteros,
918 331 990 396 &
1004 321 1249 422 quibus
1264 321 1354 396 de
1369 317 1572 409 caulis
1586 318 1891 398 extollas.
1911 343 2143 392 Ξ

339 425 572 498 „Tibi
608 420 961 499 summum
1002 442 1231 498 rerum
1266 421 1601 524 judicium
1634 423 1735 496 dii
1766 423 1895 500 de·
1916 415 1979 468 A.
1998 417 2061 466 υ·
2082 415 2151 466 c·

343 525 567 600 :odere
596 555 615 597 ι
671 525 872 598 nobis
907 521 1219 624 obsequii
1251 523 1467 628 gloria
1501 522 1734 598 relista
1775 526 1887 600 est.
1956 502 2106 646 '⁷⁸23‘

341 629 794 729 aSpei‘hmus
819 649 1022 728 porro
1038 683 1061 717 ,
1085 653 1234 726 quae
1256 651 1487 700 coram
1512 625 1849 702 habentur
1862 684 1888 718 ,
1990 627 2071 756 ‘3²
2094 623 2115 646 ⁰

345 727 520 802 »cui
556 753 640 803 ex
678 753 746 802 te
782 754 946 829 opes
965 783 989 816 ,
1036 726 1331 802 honores
1353 784 1376 818 ‚
1424 726 1573 828 quis
1597 727 1895 831 plutima
2067 709 2093 744 ⁴

345 861 397 894 :o
404 828 685 929 juvandi
710 828 1093 903 nocendive
1119 829 1463 932 potentiaz
1488 857 1633 929 quae
1652 829 1897 931 Sejano

349 927 604 1004 »fuiffe
631 987 652 1019 ,
707 956 918 1004 nemo
941 957 1038 1004 -ne
1087 932 1349 1006 aver-itt
1392 929 1661 1008 abditos
1700 931 1900 1005 Prin-

347 1032 578 1134 abcipis
599 1028 823 1104 sensus
849 1083 872 1120 ,
915 1041 990 1106 &
1039 1057 1064 1102 1
1087 1030 1282 1132 quod
1306 1030 1635 1106 occultius
1670 1057 1899 1134 parat,

351 1160 498 1206 :nex
549 1132 766 1206 uixere
782 1189 806 1222 ,
840 1131 1185 1207 inlicitum
1206 1181 1230 1222 ,
1258 1159 1424 1207 auce
1524 1159 1543 1204 t
1587 1159 1713 1207 nec
1738 1133 1901 1208 ideo

357 1161 800 1334 »adaquare
844 1233 955 1307 Ne
979 1289 1003 1322 ,
1044 1258 1263 1335 patres
1288 1160 1648 1350 conffripti
1672 1290 1699 1326 ,
1744 1233 1905 1309 ulti-

359 1361 614 1408 :umum
639 1333 864 1434 Sejani
889 1333 1082 1407 diem
1108 1392 1131 1424 ,
1174 1331 1295 1408 sed
1318 1333 1661 1408 sexdecim
1692 1361 1907 1408 annos

353 1469 406 1504 :o
418 1435 872 1537 cogitaveritis
892 1461 917 1532 3
938 1435 1149 1512 etiam
1168 1435 1467 1524 Satrium
1485 1458 1687 1535 atque
1707 1438 1909 1508 Pom-

353 1570 406 1604 a»
416 1537 704 1639 ponium
736 1536 1233 1612 venerabamur
1264 1564 1284 1607 z
1328 1534 1591 1610 libertis
1630 1561 1907 1636 quoque

355 1665 495 1710 :nac
510 1637 911 1738 janitoribus
932 1646 1076 1740 ejus
1097 1633 1445 1711 notescere
1461 1696 1483 1729 ,
1499 1664 1623 1741 pto
1640 1626 1911 1740 niagni-

353 1737 548 1811 „fico
569 1738 716 1811 acci
763 1738 1045 1813 iebatur.
1077 1738 1273 1832 Quid
1292 1765 1457 1842 ergo
1480 1727 1913 1831 ?indistin6ra

353 1841 558 1913 „haec
595 1766 901 1913 defgnfio
927 1851 998 1916 &
1024 1835 1404 1957 promiscua
1422 1840 1739 1914 dabitur?
1772 1839 1911 1914 im·-

353 1970 550 2015 »mo
578 1941 760 2040 justis
789 1943 1096 2015 terminis
1127 1940 1493 2016 dividatur.
1542 1940 1807 2017 Infidiae
1837 1942 1915 2015 in

353 2038 933 2141 :ntempublicam
961 2097 984 2130 ‚
1029 2038 1304 2113 consilia
1330 2042 1525 2115 caedis
1554 2040 1916 2115 adversum

357 2147 932 2243 »Imperatorem
958 2197 981 2229 ‚
1032 2138 1401 2241 puniantur
1424 2168 1447 2210 ε
1473 2140 1576 2215 de
1622 2138 1921 2221 amicitia

363 2254 498 2320 a&
535 2234 780 2313 officiis
811 2296 835 2329 ,
877 2238 1070 2313 idem
1098 2237 1255 2312 finis
1282 2247 1356 2314 &
1376 2264 1445 2314 te
1466 2295 1492 2329 ,
1533 2234 1805 2329 Caesar‚
1850 2248 1923 2315 δε

371 2370 552 2417 :unos
595 2338 956 2415 absolverit
975 2375 1048 2415 ω.
1982 2344 1990 2349 ⁴
2015 2350 2025 2357 i

475 2444 632 2516 IX.·
660 2443 1162 2515 Consi-ANnA
1208 2440 1533 2517 orationis
1559 2496 1582 2531 ,
1636 2448 1709 2516 &
1758 2438 1921 2541 quia

379 2568 680 2659 repertus
709 2567 852 2617 etat
877 2599 901 2633 ,
944 2544 1065 2642 qui
1112 2541 1383 2619 efferret
1410 2601 1435 2633 ,
1486 2566 1635 2643 quae
1676 2568 1919 2616 omnes

379 2672 616 2718 ammo
656 2643 1004 2747 agitabant
1028 2700 1050 2733 ‚
1097 2646 1182 2717 eo
1216 2642 1423 2744 usque
1466 2668 1747 2745 potuere
1766 2697 1790 2730 ,
1846 2665 1921 2715 ut

333 2743 793 2820 ⁸accusatores
829 2753 972 2819 e‘us
1003 2801 1027 2835 ‚
1071 2742 1322 2817 additis
1360 2770 1507 2842 quae
1550 2744 1705 2814 ante
1748 2738 1923 2815 deli-

383 2871 669 2945 querant
684 2903 708 2936 ,
750 2874 830 2922 ex
857 2845 980 2919 ilio
1005 2902 1027 2934 ‚
1066 2869 1183 2919 aut
1208 2868 1430 2917 morte
1455 2841 1923 2917 multarentur.

387 2950 636 3021 Secutae
662 2947 910 3021 dehinc
930 2946 1205 3021 Tiberii
1231 2945 1435 3021 literae
1464 2945 1535 3017 in
1558 2946 1704 3015 Sex.
1720 2942 1927 3016 Vesti-

389 3046 564 3121 lium
622 3050 1003 3149 ptaetotium
1040 3106 1061 3138 ‚
1128 3076 1341 3147 quem
1376 3103 1401 3135 ,
1459 3040 1687 3117 Druso
1736 3040 1925 3115 fratri

389 3174 746 3249 percarum
763 3206 788 3241 ‚
809 3151 884 3225 in
906 3150 1265 3227 cohortem
1278 3147 1468 3225 suam
1492 3142 1925 3222 transtulerat.
