2294 3870
1566 171 1603 197 S

565 282 1130 334 ANNArruM
1188 254 1509 330 Nora.
1682 278 1827 352 37·r

287 362 348 438 ’ἴε
363 378 566 457 jer-vus
585 427 605 455 ,
632 377 759 460 five
793 375 929 437 liber
946 375 1031 458 fit
1051 423 1075 452 ‚.
1109 377 1290 452 capite
1328 379 1630 456 puniretur.
1692 375 1825 436 Ho-

291 455 553 536 nestiores
575 505 593 533 ‚
630 456 930 533 publicatis
957 455 1151 530 bonis,
1190 456 1250 516 in
1288 455 1520 536 infidam
1550 455 1823 536 deporta-

239 546 242 549 ’
292 554 484 594 rentur
497 559 516 614 3
536 557 595 597 ut
607 537 789 596 videre
805 537 880 595 est
895 533 1042 616 apud
1055 535 1093 602 J
1097 536 1269 594 ulium
1283 535 1519 595 Paulum
1534 581 1552 609 ‚
1570 536 1831 596 Sentent,

292 613 526 696 Recept.
552 615 674 676 libr.
695 615 771 691 V,
801 615 916 675 Tit.
943 637 1038 694 23.
1090 613 1187 674 Ad
1216 613 1387 696 legem
1408 613 1728 676 Corneliam
1756 613 1824 673 de

293 691 540 755 Sitai-iis
577 694 638 754 ὓ·
675 694 994 773 Verte-ficis,
1033 692 1180 774 Leg.
1216 714 1305 770 13.
1358 693 1429 753 Et
1452 697 1511 754 in
1538 693 1645 754 hac
1676 711 1830 754 tem·
1868 739 1893 756 s

293 793 496 854 porum
517 775 744 835 mollitie
766 775 904 834 visus
929 773 1006 832 est
1027 769 1124 830 sub
1143 772 1347 831 Severo
1373 772 1629 854 Principe
1653 773 1839 832 Plau-·

281 854 468 912 sianus
492 899 509 928 ‚
537 857 792 934 *privatus
829 853 1010 911 horno
1036 896 1054 923 ‚
1103 847 1197 909 sed
1241 852 1373 923 luxu
1400 858 1455 910 &
1484 853 1682 934 opibus
1720 873 1837 934 par⁴

293 929 636 1012 Principibus
662 979 678 1007 ‚
723 935 822 1014 qui
852 949 1076 990 centum
1107 932 1169 988 in
1215 933 1367 988 enuis
1395 931 1663 990 Romanis
1692 935 1828 991 viri-

289 1011 507 1071 litatem
541 1012 783 1083 ademit,
815 1029 875 1070 ut
903 1007 1019 1067 filia
1052 1006 1145 1066 'sua
1173 949 1429 1068 §lamina
1452 1055 1467 1081 ,
1503 1031 1670 1092 quam
1695 1011 1829 1070 An·-

296 1093 498 1150 tonino
539 1089 843 1150 Caracallae
890 1086 1231 1167 despondere
1276 1088 1505 1168 parabat
1532 1135 1547 1162 ‚
1594 1089 1832 1150 musicos

297 1167 450 1228 alios
477 1189 548 1227 ue
579 1171 782 1230 artium
811 1170 1100 1248 magistros
1129 1167 1413 1226 eunuchos
1436 1167 1675 1227 haberet.
1710 1169 1835 1229 Dio

481 1245 558 1319 V,
583 1269 644 1327 p.
669 1253 800 1322 857.
838 1246 1074 1306 Manent
1097 1245 1277 1305 adhuc
1298 1247 1384 1306 vel
1411 1248 1471 1306 in
1494 1247 1599 1306 hac
1623 1247 1833 1306 nostro-

297 1347 456 1412 rum·
470 1345 788 1406 temporum
826 1325 1092 1406 sapientia
1129 1331 1187 1382 δε
1226 1327 1497 1404 religione
1539 1327 1655 1400 ejus
1700 1326 1839 1384 mali·

297 1405 564 1486 reliquiae.
611 1403 698 1464 Ea
735 1407 886 1464 enim
921 1407 999 1463 est
1036 1402 1285 1462 dulcibus
1320 1406 1463 1462 vitiis
1502 1422 1697 1464 natura
1719 1449 1737 1477 ‚
1778 1421 1841 1462 ut

299 1483 519 1564 semper
549 1502 796 1544 vetentur
818 1531 836 1557 ‚
875 1482 1088 1563 semper
1126 1484 1482 1543 retineantur.
1542 1515 1565 1542 ι

379 1563 473 1623 De
499 1565 746 1624 moribus
771 1582 952 1623 autem
979 1562 1363 1622 eunuchorum
1387 1562 1536 1622 idem
1565 1563 1643 1622 est
1663 1577 1843 1642 >penes

302 1640 558 1703 Sinenses
591 1643 878 1725 scriptores
905 1688 922 1717 ‚
971 1641 1123 1725 quod
1147 1642 1298 1722 apud
1320 1662 1529 1702 ceteros
1555 1643 1841 1724 populos,

303 1721 590 1800 judicium.
602 1719 972 1784 Consentiunt
995 1743 1191 1781 omnes
1211 1725 1275 1782 iis
1293 1723 1622 1807 plerumque
1636 1721 1841 1782 cuneta
1893 1777 1905 1796 ,

303 1799 410 1860 effe
451 1799 730 1883 utriusque
765 1800 918 1859 sextis
944 1803 1075 1859 vitia
1099 1846 1117 1873 ‚
1152 1803 1364 1860 nullam
1390 1805 1696 1862 alterutrius
1720 1803 1841 1862 vir-

305 1899 496 1941 tutem.
528 1879 608 1943 At
629 1879 759 1940 etim
783 1896 1094 2015 numfiuam
1115 1896 1267 1937 tanta
1296 1877 1358 1939 fit
1383 1879 1675 1940 hominum
1702 1899 1843 1961 pra-⁵

303 1963 443 2019 vitas
471 2004 488 2032 ‚
530 1978 589 2017 ut
611 1978 843 2039 <paucos
887 1956 922 2015 s
966 1976 1076 2015 tem
1117 1956 1372 2015 honestas
1411 1980 1529 2015 non
1576 1962 1843 2032 retineat,

304 2040 659 2118 reperiuntur
756 2035 1056 2117 nandoque
1111 2035 1353 2093 eunuchi
1410 2039 1507 2115 qui
1564 2036 1848 2097 virtutibus

307 2116 649 2198 praecellant.
769 2136 837 2175 os
877 2116 1018 2173 inter
1061 2132 1183 2172 mos
1226 2112 1305 2171 est
1342 2114 1561 2195 regibus
1594 2112 1851 2177 Orientis

309 2196 557 2277 deligere
583 2242 600 2271 ,
647 2216 790 2279 quos
818 2194 914 2254 fibi
937 2192 1167 2253 comites
1188 2190 1419 2250 affiduos
1441 2189 1617 2251 adesse
1641 2192 1851 2268 jubent.

310 2274 486 2335 Tales
513 2272 636 2335 sunt
666 2274 816 2357 apud
850 2276 1246 2355 imperatorem
1272 2268 1557 2332 Sinenlem
1586 2315 1604 2345 ,
1648 2274 1743 2354 qui
1768 2272 1821 2332 Y
1814 2293 1851 2331 ιι

312 2352 462 2417 Kien
502 2357 856 2437 appellantur
879 2400 896 2429 ‚
941 2352 1000 2413 id
1041 2353 1120 2412 est
1160 2349 1394 2412 eunuchi
1440 2372 1470 2411 e
1516 2350 1789 2431 conspee‘lu
1818 2370 1847 2423 ‚·

313 2432 471 2573 Fudd
505 2455 539 2494 a
564 2434 867 2571 conf-‘petitu
891 2431 1168 2513 Principis
1208 2452 1328 2491 non
1366 2431 1644 2491 recedant.
1680 2429 1855 2491 Tales

689 2536 723 2573 e

339 2532 528 2649 egtem
570 2508 648 2572 fu‘i
761 2511 912 2591 apud
944 2508 1236 2570 Affuerum
1278 2510 1627 2587 manifestum
1668 2512 1743 2571 est
1784 2530 1856 2571 ex

248 2622 256 2627 -
317 2594 362 2651 li
398 2610 464 2648 ro
479 2588 673 2649 Esther
690 2590 747 2662 Ι,
769 2611 793 2647 1
809 2610 861 2647 ι.
880 2588 947 2645 In
974 2589 1282 2647 ministeriis
1306 2609 1489 2648 autem
1506 2592 1859 2683 imperatoris

314 2666 566 2732 Sinenfis
608 2665 780 2748 vulgo
823 2684 1182 2725 numerantur
1229 2664 1421 2725 decem
1460 2671 1637 2731 millia
1675 2690 1859 2729 eunu-

315 2748 556 2811 chorum
593 2793 609 2822 ,
666 2766 782 2807 tum
875 2763 1002 2804 enes
1045 2748 1440 2825 imperatorem
1467 2791 1483 2819 ‚
1534 2764 1650 2805 tum
1684 2766 1861 2829 penes

315 2828 502 2911 princi
549 2847 606 2885 es
641 2829 780 2908 regii
825 2826 1082 2907 anguinis
1108 2870 1124 2897 ,
1171 2823 1368 2905 quibus
1404 2824 1590 2905 plures
1626 2830 1865 2906 paucio-

318 2905 472 2969 resve
497 2848 618 2966 Hmt
629 2906 866 2966 eunuchi
888 2926 993 2985 pro
1015 2906 1229 2963 ratione
1242 2901 1344 2963 suae
1360 2903 1657 2985 dignitatis.
1672 2906 1866 2969 Tanta.

321 3005 513 3047 autem
534 2987 610 3045 ibi
631 2988 708 3045 est
725 2984 1106 3047 eunuchorum
1131 2982 1305 3043 libido
1326 3030 1343 3058 ‚
1366 3003 1425 3043 ut
1447 2984 1607 3043 multi
1626 2986 1861 3047 audeant

321 3075 379 3125 δε
428 3084 623 3133 uxores
671 3072 724 3124 &
773 3064 1108 3125 concubinas
1154 3062 1378 3123 habere.
1429 3063 1707 3125 Adversus
1749 3064 1861 3129 hoe

329 3145 605 3229 flagitium
622 3147 733 3209 lata
751 3144 978 3231 quidem
997 3145 1074 3207 est
1090 3144 1183 3203 lex
1204 3164 1237 3205 a
1262 3142 1511 3231 dynastia
1527 3188 1545 3219 ,
1569 3164 1690 3239 quae
1710 3166 1863 3211 nnnc
1889 3174 1901 3183 ·
1993 3220 1996 3223 ,
2032 3230 2041 3237 ⁵

1461 3220 1621 3307 Qvi
