2294 3870
594 166 1170 221 ANNAMUM
1221 144 1623 225 L13.'V1.'
1731 167 1872 249 103⁴

306 268 499 347 'dum
528 268 909 347 Marcellus
956 278 1029 345 &
1069 267 1374 371 Agrippa
1395 323 1419 358 ,
1469 295 1632 341 mox
1663 271 1874 346 Caius
1903 305 2136 357 Ξε-

314 369 707 471 Luciusque
736 368 1030 448 Caesares
1050 426 1073 458 ,
1100 370 1413 469 viguere:
1435 370 1642 444 etiam
1666 367 1874 445 frater
1902 370 1965 422 A.
1986 374 2046 421 U·
2069 374 2134 423 C·

286 482 469 573 -ejus
524 468 785 546 Drusus
836 466 1262 585 ⁴prosperiore
1286 534 1296 553 .
1321 470 1576 544 civium
1632 498 1867 548 amore
1946 468 2085 519 ⁷9⁰·

318 598 487 647 erat.
514 572 648 647 Sed
676 574 972 648 maxime
996 567 1360 645 inlubrico
1383 572 1524 673 egit
1542 628 1565 661 ‚
1592 572 1866 676 accept&
1931 546 2082 699 ἒξ·

316 674 414 749 in.
463 672 991 747 matrimonium
1054 671 1096 748 J
1099 669 1237 744 ulia
1277 701 1295 744 ε
1365 672 1869 774 impudicitiam
2035 656 2070 700 '⁸
2135 714 2143 723 ·

316 774 543 847 uxoris
568 773 864 848 tolerans
887 795 1045 863 ,·aut
1072 769 1440 847 declinans.
1467 774 1654 849 Dein
1679 775 1870 849 Rho-

316 874 417 947 do
474 872 797 977 regressus
830 932 854 965 ,
918 900 1163 948 vacuos
1213 874 1538 976 Principis
1589 894 1880 979 penates·

319 974 695 1049 duodecim
723 974 914 1050 annis
940 1031 963 1063 ,
1008 1001 1172 1049 mox
1204 974 1305 1049 rei
1329 976 1658 1049 Romanae
1683 975 1866 1050 arbi-

314 1076 559 1148 trium.
583 1075 795 1149 tribus
850 1072 1071 1149 ferme
1124 1084 1196 1149 &
1220 1075 1312 1150 ‘vi
1359 1075 1487 1148 inti
1541 1074 1859 1151 obtinuit.

314 1178 611 1249 Morum
628 1202 903 1275 quoque
925 1200 1234 1279 tempora
1253 1104 1358 1248 illgi
1372 1176 1661 1250 diversa:
1681 1204 1862 1279 egre·
1927 1198 1930 1204 ’

306 1276 515 1377 gium
551 1276 682 1349 vitii
721 1274 1041 1376 famaque
1090 1275 1318 1375 quoad
1350 1278 1641 1377 privatus
1674 1331 1697 1364 ,-
1749 1277 1862 1351 vel

312 1378 389 1449 in
434 1378 735 1479 imperiis
781 1374 902 1450 sub
945 1376 1058 1450 Au
1108 1378 1250 1449 usto
1292 1373 1470 1449 fuitz
1518 1375 1866 1449 occultum

316 1504 401 1550 ac
424 1475 791 1551 subdolum
820 1477 915 1549 fin
958 1504 1054 1550 en
1107 1478 1162 1549 is
1183 1476 1541 1550 virtutibus
1566 1532 1588 1565 ,
1640 1472 1862 1549 donec

313 1580 765 1656 Germanicus
794 1606 871 1651 ac
904 1506 1168 1651 {rusus
1199 1573 1603 1680 superfuere.
1658 1575 1860 1649 Idem

310 1677 491 1751 inter
553 1679 737 1751 bona
796 1676 1113 1777 malaque
1168 1678 1415 1752 mixtus
1443 1735 1466 1767 ‚
1521 1676 1858 1750 incolumi

306 1804 531 1851 matre
564 1808 581 1851 ε
632 1777 1027 1853 intestabilis
1075 1776 1320 1852 saevitiss.
1338 1836 1360 1869 ,
1413 1776 1530 1852 sed
1570 1776 1858 1851 obte<stis

301 1878 708 1954 libidinibus
737 1935 761 1971 ‚
812 1879 982 1954 dum
1042 1881 1364 1980 Sejanum
1422 1876 1660 1955 dilexit
1685 1934 1710 1966 ,
1761 1876 1853 1950 ti-

304 1981 579 2055 muitve
619 2009 638 2051 ι
711 1980 1043 2082 postremo
1092 1981 1167 2053 in
1221 1976 1477 2056 scelera
1514 1976 1712 2053 fimul
1775 2004 1852 2052 ac

304 2081 653 2156 dedecora
700 2084 1053 2186 prorupit,
1159 2085 1464 2181 ostquam
1494 2137 1517 2171 ,
1575 2101 1849 2152 remoto

308 2179 577 2284 pudore
630 2191 703 2258 δε
751 2209 947 2261 metu
982 2242 1005 2276 ‚
1074 2111 1196 2257 [ἕο
1251 2180 1520 2258 tantum
1567 2177 1852 2284 ingenio¹

302 2280 637 2361 utebatur.
