<?xml version="1.0" encoding="UTF-8"?>
<!DOCTYPE html PUBLIC "-//W3C//DTD XHTML 1.0 Transitional//EN"
    "http://www.w3.org/TR/xhtml1/DTD/xhtml1-transitional.dtd">
<html xmlns="http://www.w3.org/1999/xhtml" xml:lang="en" lang="en">
 <head>
  <title>
</title>
<meta http-equiv="Content-Type" content="text/html;charset=utf-8" />
  <meta name='ocr-system' content='tesseract 3.04.00' />
  <meta name='ocr-capabilities' content='ocr_page ocr_carea ocr_par ocr_line ocrx_word'/>
</head>
<body>
  <div class='ocr_page' id='page_1' title='image "./operasupplement06tacigoog/operasupplement06tacigoog_0255.png"; bbox 0 0 2294 3870; ppageno 0'>
   <div class='ocr_carea' id='block_1_1' title="bbox 483 219 1769 327">
    <p class='ocr_par' dir='ltr' id='par_1_1' title="bbox 483 219 1769 327">
     <span class='ocr_line' id='line_1_1' title="bbox 483 219 1769 327; baseline 0.002 -28"><span class='ocrx_word' id='word_1_1' title='bbox 483 219 686 299; x_wconf 63' lang='lat' dir='ltr'><strong>Lim</strong></span> <span class='ocrx_word' id='word_1_2' title='bbox 739 225 834 300; x_wconf 89' lang='lat' dir='ltr'><strong>X.</strong></span> <span class='ocrx_word' id='word_1_3' title='bbox 885 237 1479 300; x_wconf 64' lang='lat' dir='ltr'><strong>AnnAnuMl</strong></span> <span class='ocrx_word' id='word_1_4' title='bbox 1636 255 1769 327; x_wconf 84' lang='lat'><strong>245</strong></span> 
     </span>
    </p>
   </div>
   <div class='ocr_carea' id='block_1_2' title="bbox 223 344 2041 562">
    <p class='ocr_par' dir='ltr' id='par_1_2' title="bbox 223 344 2041 562">
     <span class='ocr_line' id='line_1_2' title="bbox 223 344 2041 456; baseline 0.004 -41"><span class='ocrx_word' id='word_1_5' title='bbox 223 348 521 419; x_wconf 63' lang='lat' dir='ltr'><strong>‘arentur</strong></span> <span class='ocrx_word' id='word_1_6' title='bbox 538 379 614 419; x_wconf 68' lang='grc' dir='ltr'><strong>ω.</strong></span> <span class='ocrx_word' id='word_1_7' title='bbox 648 345 748 419; x_wconf 82' lang='lat' dir='ltr'><strong>At</strong></span> <span class='ocrx_word' id='word_1_8' title='bbox 772 373 956 422; x_wconf 87' lang='lat' dir='ltr'><strong>novo</strong></span> <span class='ocrx_word' id='word_1_9' title='bbox 977 344 1331 456; x_wconf 66' lang='lat' dir='ltr'><strong>exemph,</strong></span> <span class='ocrx_word' id='word_1_10' title='bbox 1368 370 1571 446; x_wconf 89' lang='lat' dir='ltr'><strong>atque</strong></span> <span class='ocrx_word' id='word_1_11' title='bbox 1601 346 1779 444; x_wconf 80' lang='lat' dir='ltr'><strong>infra</strong></span> <span class='ocrx_word' id='word_1_12' title='bbox 1806 385 2041 434; x_wconf 54' lang='grc' dir='ltr'><strong>ΞΕ</strong></span> 
     </span>
     <span class='ocr_line' id='line_1_3' title="bbox 225 445 2035 562; baseline 0.001 -44"><span class='ocrx_word' id='word_1_13' title='bbox 225 445 444 518; x_wconf 82' lang='lat' dir='ltr'>Urbis</span> <span class='ocrx_word' id='word_1_14' title='bbox 470 445 885 546; x_wconf 85' lang='lat' dir='ltr'><strong>dignitatem</strong></span> <span class='ocrx_word' id='word_1_15' title='bbox 901 504 924 537; x_wconf 92' lang='lat'><strong>,</strong></span> <span class='ocrx_word' id='word_1_16' title='bbox 951 445 1282 548; x_wconf 80' lang='lat' dir='ltr'><strong>quosdam</strong></span> <span class='ocrx_word' id='word_1_17' title='bbox 1304 446 1623 562; x_wconf 35' lang='lat' dir='ltr'><strong>Ptine-eps*</strong></span> <span class='ocrx_word' id='word_1_18' title='bbox 1638 447 1775 550; x_wconf 89' lang='lat' dir='ltr'><strong>ipse</strong></span> <span class='ocrx_word' id='word_1_19' title='bbox 1802 452 1864 502; x_wconf 78' lang='lat' dir='ltr'><strong>A.</strong></span> <span class='ocrx_word' id='word_1_20' title='bbox 1885 453 1947 500; x_wconf 68' lang='grc' dir='ltr'><strong>υ·</strong></span> <span class='ocrx_word' id='word_1_21' title='bbox 1968 449 2035 506; x_wconf 83' lang='lat' dir='ltr'><strong>C·</strong></span> 
     </span>
    </p>
   </div>
   <div class='ocr_carea' id='block_1_3' title="bbox 225 543 1776 759">
    <p class='ocr_par' dir='ltr' id='par_1_3' title="bbox 225 543 1776 759">
     <span class='ocr_line' id='line_1_4' title="bbox 229 543 1776 649; baseline 0.005 -33"><span class='ocrx_word' id='word_1_22' title='bbox 229 543 566 644; x_wconf 86' lang='lat' dir='ltr'><strong>relegavit</strong></span> <span class='ocrx_word' id='word_1_23' title='bbox 589 602 612 633; x_wconf 85' lang='lat'>,</span> <span class='ocrx_word' id='word_1_24' title='bbox 653 579 696 610; x_wconf 78' lang='lat' dir='ltr'><strong>ut</strong></span> <span class='ocrx_word' id='word_1_25' title='bbox 713 571 790 620; x_wconf 86' lang='lat' dir='ltr'><strong>ut</strong></span> <span class='ocrx_word' id='word_1_26' title='bbox 819 546 989 620; x_wconf 84' lang='lat' dir='ltr'><strong>ultra</strong></span> <span class='ocrx_word' id='word_1_27' title='bbox 1015 546 1317 649; x_wconf 81' lang='lat' dir='ltr'><strong>lapidem</strong></span> <span class='ocrx_word' id='word_1_28' title='bbox 1354 571 1635 620; x_wconf 79' lang='lat' dir='ltr'><strong>tertium</strong></span> <span class='ocrx_word' id='word_1_29' title='bbox 1662 576 1776 624; x_wconf 88' lang='lat' dir='ltr'><strong>ve-</strong></span> 
     </span>
     <span class='ocr_line' id='line_1_5' title="bbox 225 644 1775 759; baseline 0.004 -45"><span class='ocrx_word' id='word_1_30' title='bbox 225 653 462 716; x_wconf 65' lang='grc' dir='ltr'><strong>»πέτει</strong></span> <span class='ocrx_word' id='word_1_31' title='bbox 485 644 572 718; x_wconf 80' lang='lat' dir='ltr'><strong>ab</strong></span> <span class='ocrx_word' id='word_1_32' title='bbox 600 645 1151 759; x_wconf 42' lang='lat' dir='ltr'><strong>Urbe-egredin:</strong></span> <span class='ocrx_word' id='word_1_33' title='bbox 1224 646 1359 720; x_wconf 82' lang='lat' dir='ltr'><strong>uafi</strong></span> <span class='ocrx_word' id='word_1_34' title='bbox 1390 647 1568 720; x_wconf 89' lang='lat' dir='ltr'><strong>Urbs</strong></span> <span class='ocrx_word' id='word_1_35' title='bbox 1592 706 1615 737; x_wconf 88' lang='lat'>,</span> <span class='ocrx_word' id='word_1_36' title='bbox 1646 675 1775 723; x_wconf 84' lang='lat' dir='ltr'><strong>ter-</strong></span> 
     </span>
    </p>
   </div>
   <div class='ocr_carea' id='block_1_4' title="bbox 165 745 1775 848">
    <p class='ocr_par' dir='ltr' id='par_1_4' title="bbox 165 745 1775 848">
     <span class='ocr_line' id='line_1_6' title="bbox 165 745 1775 848; baseline 0.004 -34"><span class='ocrx_word' id='word_1_37' title='bbox 165 775 182 786; x_wconf 66' lang='grc'><em>’</em></span> <span class='ocrx_word' id='word_1_38' title='bbox 229 769 470 816; x_wconf 66' lang='grc' dir='ltr'><strong>ται-ωτι</strong></span> <span class='ocrx_word' id='word_1_39' title='bbox 503 771 703 846; x_wconf 87' lang='lat' dir='ltr'><strong>caput</strong></span> <span class='ocrx_word' id='word_1_40' title='bbox 725 801 748 835; x_wconf 88' lang='lat'>,</span> <span class='ocrx_word' id='word_1_41' title='bbox 795 749 1074 848; x_wconf 77' lang='lat' dir='ltr'><strong>imperii</strong></span> <span class='ocrx_word' id='word_1_42' title='bbox 1099 745 1166 821; x_wconf 87' lang='lat' dir='ltr'><strong>se</strong></span> <span class='ocrx_word' id='word_1_43' title='bbox 1220 767 1289 820; x_wconf 83' lang='lat' dir='ltr'><strong>es</strong></span> <span class='ocrx_word' id='word_1_44' title='bbox 1308 803 1333 836; x_wconf 84' lang='lat'>‚</span> <span class='ocrx_word' id='word_1_45' title='bbox 1369 750 1775 844; x_wconf 78' lang='lat' dir='ltr'><strong>¹communis</strong></span> 
     </span>
    </p>
   </div>
   <div class='ocr_carea' id='block_1_5' title="bbox 227 847 1817 950">
    <p class='ocr_par' dir='ltr' id='par_1_5' title="bbox 227 847 1817 950">
     <span class='ocr_line' id='line_1_7' title="bbox 227 847 1817 950; baseline 0.007 -36"><span class='ocrx_word' id='word_1_46' title='bbox 227 849 631 917; x_wconf 70' lang='lat' dir='ltr'><strong>cunstarum</strong></span> <span class='ocrx_word' id='word_1_47' title='bbox 667 847 982 946; x_wconf 87' lang='lat' dir='ltr'><strong>gentium</strong></span> <span class='ocrx_word' id='word_1_48' title='bbox 1029 847 1245 949; x_wconf 83' lang='lat' dir='ltr'><strong>patria</strong></span> <span class='ocrx_word' id='word_1_49' title='bbox 1266 904 1289 936; x_wconf 85' lang='lat'>,</span> <span class='ocrx_word' id='word_1_50' title='bbox 1339 851 1775 950; x_wconf 82' lang='lat' dir='ltr'><strong>mter&#39;poenas</strong></span> <span class='ocrx_word' id='word_1_51' title='bbox 1812 883 1817 890; x_wconf 96' lang='lat'>·</span> 
     </span>
    </p>
   </div>
   <div class='ocr_carea' id='block_1_6' title="bbox 227 941 756 1044">
    <p class='ocr_par' dir='ltr' id='par_1_6' title="bbox 227 941 756 1044">
     <span class='ocr_line' id='line_1_8' title="bbox 227 941 756 1044; baseline 0.004 -28"><span class='ocrx_word' id='word_1_52' title='bbox 227 943 474 1016; x_wconf 82' lang='lat' dir='ltr'><strong>haberi</strong></span> <span class='ocrx_word' id='word_1_53' title='bbox 520 941 756 1044; x_wconf 86' lang='lat' dir='ltr'><strong>poffet.</strong></span> 
     </span>
    </p>
   </div>
   <div class='ocr_carea' id='block_1_7' title="bbox 345 1043 1817 1147">
    <p class='ocr_par' dir='ltr' id='par_1_7' title="bbox 345 1043 1817 1147">
     <span class='ocr_line' id='line_1_9' title="bbox 345 1043 1817 1147; baseline 0.007 -34"><span class='ocrx_word' id='word_1_54' title='bbox 345 1043 477 1115; x_wconf 91' lang='lat' dir='ltr'><strong>IX.</strong></span> <span class='ocrx_word' id='word_1_55' title='bbox 520 1045 960 1136; x_wconf 83' lang='lat' dir='ltr'><strong>QuA·tamen</strong></span> <span class='ocrx_word' id='word_1_56' title='bbox 984 1071 1056 1118; x_wconf 89' lang='lat' dir='ltr'><strong>re</strong></span> <span class='ocrx_word' id='word_1_57' title='bbox 1083 1044 1160 1117; x_wconf 90' lang='lat' dir='ltr'><strong>in</strong></span> <span class='ocrx_word' id='word_1_58' title='bbox 1188 1045 1543 1147; x_wconf 89' lang='lat' dir='ltr'><strong>publicum</strong></span> <span class='ocrx_word' id='word_1_59' title='bbox 1570 1047 1774 1124; x_wconf 84' lang='lat' dir='ltr'><strong>decus</strong></span> <span class='ocrx_word' id='word_1_60' title='bbox 1810 1093 1817 1101; x_wconf 94' lang='lat'><strong>·</strong></span> 
     </span>
    </p>
   </div>
   <div class='ocr_carea' id='block_1_8' title="bbox 226 1141 1781 1545">
    <p class='ocr_par' dir='ltr' id='par_1_8' title="bbox 226 1141 1781 1545">
     <span class='ocr_line' id='line_1_10' title="bbox 227 1141 1781 1247; baseline 0.004 -32"><span class='ocrx_word' id='word_1_61' title='bbox 227 1141 506 1215; x_wconf 68' lang='lat' dir='ltr'><strong>tantum</strong></span> <span class='ocrx_word' id='word_1_62' title='bbox 555 1143 974 1242; x_wconf 83' lang='lat' dir='ltr'>peccabatur.</span> <span class='ocrx_word' id='word_1_63' title='bbox 1039 1145 1217 1218; x_wconf 88' lang='lat' dir='ltr'><strong>Mox</strong></span> <span class='ocrx_word' id='word_1_64' title='bbox 1265 1148 1532 1247; x_wconf 87' lang='lat' dir='ltr'><strong>gravior</strong></span> <span class='ocrx_word' id='word_1_65' title='bbox 1557 1205 1580 1236; x_wconf 86' lang='lat'>‚</span> <span class='ocrx_word' id='word_1_66' title='bbox 1632 1176 1781 1221; x_wconf 75' lang='lat' dir='ltr'><strong>cer-—</strong></span> 
     </span>
     <span class='ocr_line' id='line_1_11' title="bbox 228 1237 1779 1348; baseline 0.005 -34"><span class='ocrx_word' id='word_1_67' title='bbox 228 1237 516 1340; x_wconf 78' lang='lat' dir='ltr'><strong>tamque</strong></span> <span class='ocrx_word' id='word_1_68' title='bbox 555 1243 629 1314; x_wconf 90' lang='lat' dir='ltr'><strong>in</strong></span> <span class='ocrx_word' id='word_1_69' title='bbox 678 1243 948 1316; x_wconf 65' lang='lat' dir='ltr'><strong>ruinam</strong></span> <span class='ocrx_word' id='word_1_70' title='bbox 998 1242 1367 1343; x_wconf 85' lang='lat' dir='ltr'><strong>aliquando</strong></span> <span class='ocrx_word' id='word_1_71' title='bbox 1412 1271 1729 1348; x_wconf 88' lang='lat' dir='ltr'><strong>eruptura</strong></span> <span class='ocrx_word' id='word_1_72' title='bbox 1755 1304 1779 1338; x_wconf 86' lang='lat'>,</span> 
     </span>
     <span class='ocr_line' id='line_1_12' title="bbox 227 1340 1776 1442; baseline 0.003 -29"><span class='ocrx_word' id='word_1_73' title='bbox 227 1340 615 1442; x_wconf 80' lang='lat' dir='ltr'><strong>reipublicae</strong></span> <span class='ocrx_word' id='word_1_74' title='bbox 658 1342 868 1416; x_wconf 90' lang='lat' dir='ltr'><strong>inlata</strong></span> <span class='ocrx_word' id='word_1_75' title='bbox 908 1341 1092 1416; x_wconf 90' lang='lat' dir='ltr'><strong>labes</strong></span> <span class='ocrx_word' id='word_1_76' title='bbox 1121 1400 1143 1432; x_wconf 86' lang='lat'>‚</span> <span class='ocrx_word' id='word_1_77' title='bbox 1196 1343 1356 1416; x_wconf 69' lang='lat' dir='ltr'><strong>cum</strong></span> <span class='ocrx_word' id='word_1_78' title='bbox 1392 1343 1727 1418; x_wconf 85' lang='lat' dir='ltr'><strong>Claudius</strong></span> <span class='ocrx_word' id='word_1_79' title='bbox 1752 1403 1776 1437; x_wconf 87' lang='lat'><strong>,</strong></span> 
     </span>
     <span class='ocr_line' id='line_1_13' title="bbox 226 1441 1781 1545; baseline 0.004 -32"><span class='ocrx_word' id='word_1_80' title='bbox 226 1442 670 1519; x_wconf 86' lang='lat' dir='ltr'><strong>humanitatis</strong></span> <span class='ocrx_word' id='word_1_81' title='bbox 701 1442 922 1545; x_wconf 87' lang='lat' dir='ltr'><strong>specie</strong></span> <span class='ocrx_word' id='word_1_82' title='bbox 947 1499 970 1533; x_wconf 88' lang='lat'>‚</span> <span class='ocrx_word' id='word_1_83' title='bbox 1022 1441 1307 1545; x_wconf 80' lang='lat' dir='ltr'><strong>infregit</strong></span> <span class='ocrx_word' id='word_1_84' title='bbox 1350 1441 1781 1544; x_wconf 86' lang='lat' dir='ltr'><strong>disciplinam</strong></span> 
     </span>
    </p>
   </div>
   <div class='ocr_carea' id='block_1_9' title="bbox 1848 543 2087 678">
    <p class='ocr_par' dir='ltr' id='par_1_9' title="bbox 1848 543 2087 678">
     <span class='ocr_line' id='line_1_14' title="bbox 1848 543 1985 598; baseline -0.015 -4"><span class='ocrx_word' id='word_1_85' title='bbox 1848 543 1985 598; x_wconf 89' lang='lat'><strong><em>797.</em></strong></span> 
     </span>
     <span class='ocr_line' id='line_1_15' title="bbox 1848 625 2087 678; baseline -0.021 -4"><span class='ocrx_word' id='word_1_86' title='bbox 1848 626 1897 674; x_wconf 87' lang='lat' dir='ltr'><strong>J.</strong></span> <span class='ocrx_word' id='word_1_87' title='bbox 1934 625 2001 678; x_wconf 86' lang='lat' dir='ltr'><strong>C.</strong></span> <span class='ocrx_word' id='word_1_88' title='bbox 2079 659 2087 669; x_wconf 92' lang='lat'>.</span> 
     </span>
    </p>
   </div>
   <div class='ocr_carea' id='block_1_10' title="bbox 1861 719 1957 774">
    <p class='ocr_par' dir='ltr' id='par_1_10' title="bbox 1861 719 2049 790">
     <span class='ocr_line' id='line_1_16' title="bbox 1861 719 1957 774; baseline 0.027 -4"><span class='ocrx_word' id='word_1_89' title='bbox 1861 719 1957 774; x_wconf 70' lang='lat'><strong>44·</strong></span> 
     </span>
    </p>
   </div>
   <div class='ocr_carea' id='block_1_11' title="bbox 229 1541 1885 1644">
    <p class='ocr_par' dir='ltr' id='par_1_11' title="bbox 229 1541 1885 1644">
     <span class='ocr_line' id='line_1_17' title="bbox 229 1541 1885 1644; baseline 0.008 -32"><span class='ocrx_word' id='word_1_90' title='bbox 229 1541 606 1615; x_wconf 82' lang='lat' dir='ltr'><strong>militarem</strong></span> <span class='ocrx_word' id='word_1_91' title='bbox 631 1602 652 1632; x_wconf 90' lang='lat'>,</span> <span class='ocrx_word' id='word_1_92' title='bbox 709 1572 855 1644; x_wconf 84' lang='lat' dir='ltr'><strong>quae</strong></span> <span class='ocrx_word' id='word_1_93' title='bbox 895 1545 1217 1618; x_wconf 88' lang='lat' dir='ltr'><strong>vetustate</strong></span> <span class='ocrx_word' id='word_1_94' title='bbox 1266 1554 1338 1619; x_wconf 89' lang='lat'>&amp;</span> <span class='ocrx_word' id='word_1_95' title='bbox 1396 1544 1812 1620; x_wconf 86' lang='lat' dir='ltr'><strong>austeritate·</strong></span> <span class='ocrx_word' id='word_1_96' title='bbox 1882 1624 1885 1626; x_wconf 75' lang='grc'>,</span> 
     </span>
    </p>
   </div>
   <div class='ocr_carea' id='block_1_12' title="bbox 115 1640 1777 2941">
    <p class='ocr_par' dir='ltr' id='par_1_12' title="bbox 211 1640 1777 2546">
     <span class='ocr_line' id='line_1_18' title="bbox 223 1640 1775 1746; baseline 0.006 -34"><span class='ocrx_word' id='word_1_97' title='bbox 223 1640 446 1743; x_wconf 86' lang='lat' dir='ltr'><strong>pollet</strong></span> <span class='ocrx_word' id='word_1_98' title='bbox 483 1643 874 1742; x_wconf 74' lang='lat' dir='ltr'><strong>plurimum.</strong></span> <span class='ocrx_word' id='word_1_99' title='bbox 931 1645 1280 1746; x_wconf 82' lang='lat' dir='ltr'><strong>Sapienter</strong></span> <span class='ocrx_word' id='word_1_100' title='bbox 1322 1671 1361 1718; x_wconf 86' lang='lat' dir='ltr'><strong>a</strong></span> <span class='ocrx_word' id='word_1_101' title='bbox 1402 1645 1775 1746; x_wconf 85' lang='lat' dir='ltr'><strong>majoribus</strong></span> 
     </span>
     <span class='ocr_line' id='line_1_19' title="bbox 222 1743 1771 1849; baseline 0.004 -35"><span class='ocrx_word' id='word_1_102' title='bbox 222 1746 505 1814; x_wconf 76' lang='lat' dir='ltr'><strong>cautum</strong></span> <span class='ocrx_word' id='word_1_103' title='bbox 551 1768 625 1816; x_wconf 91' lang='lat' dir='ltr'><strong>ut</strong></span> <span class='ocrx_word' id='word_1_104' title='bbox 666 1743 992 1817; x_wconf 73' lang='lat' dir='ltr'><strong>exercitus</strong></span> <span class='ocrx_word' id='word_1_105' title='bbox 1040 1775 1079 1816; x_wconf 85' lang='lat' dir='ltr'><strong>a</strong></span> <span class='ocrx_word' id='word_1_106' title='bbox 1117 1745 1577 1846; x_wconf 86' lang='lat' dir='ltr'><strong>voluptatibus</strong></span> <span class='ocrx_word' id='word_1_107' title='bbox 1617 1749 1771 1849; x_wconf 84' lang='lat' dir='ltr'><strong>opi-</strong></span> 
     </span>
     <span class='ocr_line' id='line_1_20' title="bbox 217 1839 1769 1941; baseline 0.005 -27"><span class='ocrx_word' id='word_1_108' title='bbox 217 1839 483 1941; x_wconf 87' lang='lat' dir='ltr'><strong>busque</strong></span> <span class='ocrx_word' id='word_1_109' title='bbox 513 1865 1014 1917; x_wconf 87' lang='lat' dir='ltr'><strong>amoverentur.</strong></span> <span class='ocrx_word' id='word_1_110' title='bbox 1051 1844 1401 1917; x_wconf 89' lang='lat' dir='ltr'><strong>Diuturno</strong></span> <span class='ocrx_word' id='word_1_111' title='bbox 1431 1846 1620 1938; x_wconf 67' lang='lat' dir='ltr'><strong>enim</strong></span> <span class='ocrx_word' id='word_1_112' title='bbox 1648 1846 1769 1923; x_wconf 90' lang='lat' dir='ltr'><strong>usu</strong></span> 
     </span>
     <span class='ocr_line' id='line_1_21' title="bbox 215 1942 1769 2043; baseline 0.002 -27"><span class='ocrx_word' id='word_1_113' title='bbox 215 1968 663 2043; x_wconf 85' lang='lat' dir='ltr'><strong>compertum</strong></span> <span class='ocrx_word' id='word_1_114' title='bbox 687 1944 780 2014; x_wconf 91' lang='lat' dir='ltr'><strong>est</strong></span> <span class='ocrx_word' id='word_1_115' title='bbox 811 1942 1109 2013; x_wconf 85' lang='lat' dir='ltr'><strong>militem</strong></span> <span class='ocrx_word' id='word_1_116' title='bbox 1133 1943 1208 2037; x_wconf 86' lang='lat' dir='ltr'><strong>in</strong></span> <span class='ocrx_word' id='word_1_117' title='bbox 1238 1968 1539 2015; x_wconf 87' lang='lat' dir='ltr'><strong>mortem</strong></span> <span class='ocrx_word' id='word_1_118' title='bbox 1571 1973 1769 2019; x_wconf 81' lang='lat' dir='ltr'><strong>num-</strong></span> 
     </span>
     <span class='ocr_line' id='line_1_22' title="bbox 215 2040 1775 2143; baseline -0.01 -26"><span class='ocrx_word' id='word_1_119' title='bbox 215 2068 439 2143; x_wconf 85' lang='lat' dir='ltr'><strong>quam</strong></span> <span class='ocrx_word' id='word_1_120' title='bbox 471 2040 605 2115; x_wconf 86' lang='lat' dir='ltr'><strong>effe</strong></span> <span class='ocrx_word' id='word_1_121' title='bbox 636 2040 1173 2141; x_wconf 83' lang='lat' dir='ltr'><strong>promptiorem,</strong></span> <span class='ocrx_word' id='word_1_122' title='bbox 1217 2042 1427 2136; x_wconf 63' lang='lat' dir='ltr'><strong>qudm</strong></span> <span class='ocrx_word' id='word_1_123' title='bbox 1452 2041 1615 2118; x_wconf 71' lang='lat' dir='ltr'><strong>cum</strong></span> <span class='ocrx_word' id='word_1_124' title='bbox 1650 2044 1775 2117; x_wconf 76' lang='lat' dir='ltr'><strong>de..</strong></span> 
     </span>
     <span class='ocr_line' id='line_1_23' title="bbox 213 2136 1777 2239; baseline -0.01 -24"><span class='ocrx_word' id='word_1_125' title='bbox 213 2144 541 2215; x_wconf 88' lang='lat' dir='ltr'><strong>liciarum</strong></span> <span class='ocrx_word' id='word_1_126' title='bbox 575 2140 868 2239; x_wconf 77' lang='lat' dir='ltr'><strong>ignarus,</strong></span> <span class='ocrx_word' id='word_1_127' title='bbox 911 2139 1054 2211; x_wconf 85' lang='lat' dir='ltr'><strong>Lex</strong></span> <span class='ocrx_word' id='word_1_128' title='bbox 1082 2136 1369 2237; x_wconf 88' lang='lat' dir='ltr'><strong>quidem</strong></span> <span class='ocrx_word' id='word_1_129' title='bbox 1390 2195 1412 2227; x_wconf 87' lang='lat'><strong>,</strong></span> <span class='ocrx_word' id='word_1_130' title='bbox 1454 2138 1589 2237; x_wconf 61' lang='lat' dir='ltr'><strong>qua</strong></span> <span class='ocrx_word' id='word_1_131' title='bbox 1614 2168 1777 2215; x_wconf 87' lang='lat' dir='ltr'><strong>uxo-</strong></span> 
     </span>
     <span class='ocr_line' id='line_1_24' title="bbox 211 2222 1773 2342; baseline -0.001 -25"><span class='ocrx_word' id='word_1_132' title='bbox 211 2270 374 2317; x_wconf 85' lang='lat' dir='ltr'><strong>rem</strong></span> <span class='ocrx_word' id='word_1_133' title='bbox 409 2238 660 2313; x_wconf 89' lang='lat' dir='ltr'><strong>habere</strong></span> <span class='ocrx_word' id='word_1_134' title='bbox 675 2222 1199 2340; x_wconf 77' lang='lat' dir='ltr'><strong>prohibebatur,</strong></span> <span class='ocrx_word' id='word_1_135' title='bbox 1233 2266 1375 2311; x_wconf 88' lang='lat' dir='ltr'><strong>non</strong></span> <span class='ocrx_word' id='word_1_136' title='bbox 1404 2237 1773 2342; x_wconf 84' lang='lat' dir='ltr'><strong>abrogata;</strong></span> 
     </span>
     <span class='ocr_line' id='line_1_25' title="bbox 211 2336 1769 2439; baseline -0.004 -22"><span class='ocrx_word' id='word_1_137' title='bbox 211 2342 341 2423; x_wconf 80' lang='lat' dir='ltr'><strong>sed</strong></span> <span class='ocrx_word' id='word_1_138' title='bbox 361 2336 620 2413; x_wconf 87' lang='lat' dir='ltr'><strong>sancito</strong></span> <span class='ocrx_word' id='word_1_139' title='bbox 645 2370 687 2403; x_wconf 78' lang='grc' dir='ltr'><strong>σε</strong></span> <span class='ocrx_word' id='word_1_140' title='bbox 701 2363 778 2411; x_wconf 89' lang='lat' dir='ltr'><strong>ut</strong></span> <span class='ocrx_word' id='word_1_141' title='bbox 796 2345 943 2439; x_wconf 65' lang='lat' dir='ltr'><strong>&#39;&#39;ura</strong></span> <span class='ocrx_word' id='word_1_142' title='bbox 962 2340 1371 2414; x_wconf 89' lang='lat' dir='ltr'><strong>maritorum</strong></span> <span class='ocrx_word' id='word_1_143' title='bbox 1392 2338 1674 2417; x_wconf 89' lang='lat' dir='ltr'><strong>haberet</strong></span> <span class='ocrx_word' id='word_1_144' title='bbox 1691 2378 1769 2435; x_wconf 65' lang='grc' dir='ltr'><strong>ιο,</strong></span> 
     </span>
     <span class='ocr_line' id='line_1_26' title="bbox 215 2438 1571 2546; baseline 0 -31"><span class='ocrx_word' id='word_1_145' title='bbox 215 2468 388 2546; x_wconf 87' lang='lat' dir='ltr'><strong>opes</strong></span> <span class='ocrx_word' id='word_1_146' title='bbox 415 2450 489 2515; x_wconf 77' lang='grc' dir='ltr'><strong>δε</strong></span> <span class='ocrx_word' id='word_1_147' title='bbox 519 2439 958 2515; x_wconf 86' lang='lat' dir='ltr'><strong>inritamenta</strong></span> <span class='ocrx_word' id='word_1_148' title='bbox 985 2438 1291 2515; x_wconf 89' lang='lat' dir='ltr'><strong>libidinis</strong></span> <span class='ocrx_word' id='word_1_149' title='bbox 1318 2440 1571 2515; x_wconf 84' lang='lat' dir='ltr'><strong>addita.</strong></span> 
     </span>
    </p>

    <p class='ocr_par' dir='ltr' id='par_1_13' title="bbox 115 2537 1771 2941">
     <span class='ocr_line' id='line_1_27' title="bbox 339 2537 1771 2618; baseline 0.004 -6"><span class='ocrx_word' id='word_1_150' title='bbox 339 2543 433 2613; x_wconf 90' lang='lat' dir='ltr'><strong>X.</strong></span> <span class='ocrx_word' id='word_1_151' title='bbox 479 2541 590 2612; x_wconf 81' lang='grc' dir='ltr'><strong>Νι</strong></span> <span class='ocrx_word' id='word_1_152' title='bbox 648 2537 886 2613; x_wconf 88' lang='lat' dir='ltr'><strong>Galliae</strong></span> <span class='ocrx_word' id='word_1_153' title='bbox 936 2537 1211 2614; x_wconf 84' lang='lat' dir='ltr'><strong>fuiffent</strong></span> <span class='ocrx_word' id='word_1_154' title='bbox 1262 2542 1349 2613; x_wconf 83' lang='lat' dir='ltr'><strong>ad</strong></span> <span class='ocrx_word' id='word_1_155' title='bbox 1398 2543 1636 2618; x_wconf 87' lang='lat' dir='ltr'><strong>luxum</strong></span> <span class='ocrx_word' id='word_1_156' title='bbox 1697 2550 1771 2618; x_wconf 87' lang='lat'>&amp;</span> 
     </span>
     <span class='ocr_line' id='line_1_28' title="bbox 217 2637 1771 2740; baseline 0 -25"><span class='ocrx_word' id='word_1_157' title='bbox 217 2641 618 2717; x_wconf 80' lang='lat' dir='ltr'><strong>servitutem</strong></span> <span class='ocrx_word' id='word_1_158' title='bbox 703 2643 968 2737; x_wconf 67' lang='lat' dir='ltr'><strong>roJestae</strong></span> <span class='ocrx_word' id='word_1_159' title='bbox 997 2696 1020 2727; x_wconf 85' lang='lat'>,</span> <span class='ocrx_word' id='word_1_160' title='bbox 1072 2637 1467 2740; x_wconf 74' lang='lat' dir='ltr'><strong>faviffetque</strong></span> <span class='ocrx_word' id='word_1_161' title='bbox 1496 2642 1771 2715; x_wconf 83' lang='lat' dir='ltr'><strong>fortuna</strong></span> 
     </span>
     <span class='ocr_line' id='line_1_29' title="bbox 115 2737 1769 2841; baseline -0.002 -27"><span class='ocrx_word' id='word_1_162' title='bbox 115 2770 122 2777; x_wconf 94' lang='lat'><em>·</em></span> <span class='ocrx_word' id='word_1_163' title='bbox 217 2738 646 2840; x_wconf 86' lang='lat' dir='ltr'><strong>imprudenti</strong></span> <span class='ocrx_word' id='word_1_164' title='bbox 699 2769 774 2815; x_wconf 90' lang='lat' dir='ltr'><strong>us</strong></span> <span class='ocrx_word' id='word_1_165' title='bbox 790 2737 1215 2841; x_wconf 86' lang='lat' dir='ltr'><strong>Principibus</strong></span> <span class='ocrx_word' id='word_1_166' title='bbox 1244 2766 1769 2839; x_wconf 87' lang='lat' dir='ltr'><strong>nonnumquam</strong></span> 
     </span>
     <span class='ocr_line' id='line_1_30' title="bbox 221 2838 1771 2941; baseline -0.002 -27"><span class='ocrx_word' id='word_1_167' title='bbox 221 2839 526 2941; x_wconf 84' lang='lat' dir='ltr'><strong>benigna</strong></span> <span class='ocrx_word' id='word_1_168' title='bbox 552 2897 574 2929; x_wconf 88' lang='lat'>‚</span> <span class='ocrx_word' id='word_1_169' title='bbox 629 2838 1074 2941; x_wconf 85' lang='lat' dir='ltr'><strong>prudentibus</strong></span> <span class='ocrx_word' id='word_1_170' title='bbox 1120 2840 1358 2939; x_wconf 85' lang='lat' dir='ltr'><strong>iniqua</strong></span> <span class='ocrx_word' id='word_1_171' title='bbox 1384 2897 1407 2931; x_wconf 88' lang='lat'>‚</span> <span class='ocrx_word' id='word_1_172' title='bbox 1471 2840 1546 2914; x_wconf 89' lang='lat' dir='ltr'><strong>in</strong></span> <span class='ocrx_word' id='word_1_173' title='bbox 1584 2838 1771 2935; x_wconf 88' lang='lat' dir='ltr'><strong>aliud</strong></span> 
     </span>
    </p>
   </div>
   <div class='ocr_carea' id='block_1_13' title="bbox 222 2934 1874 3113">
    <p class='ocr_par' dir='ltr' id='par_1_14' title="bbox 222 2934 1874 3113">
     <span class='ocr_line' id='line_1_31' title="bbox 222 2934 1874 3113; baseline -0.002 -100"><span class='ocrx_word' id='word_1_174' title='bbox 222 2937 736 3113; x_wconf 54' lang='lat' dir='ltr'><strong>promcptiusque</strong></span> <span class='ocrx_word' id='word_1_175' title='bbox 813 2939 1178 3016; x_wconf 89' lang='lat' dir='ltr'><strong>discrimen</strong></span> <span class='ocrx_word' id='word_1_176' title='bbox 1261 2934 1759 3053; x_wconf 80' lang='lat' dir='ltr'><strong>rempublicam</strong></span> <span class='ocrx_word' id='word_1_177' title='bbox 1865 2947 1874 2956; x_wconf 79' lang='lat'>‘</span> 
     </span>
    </p>
   </div>
   <div class='ocr_carea' id='block_1_14' title="bbox 221 3037 1763 3345">
    <p class='ocr_par' dir='ltr' id='par_1_15' title="bbox 221 3037 1763 3345">
     <span class='ocr_line' id='line_1_32' title="bbox 221 3037 1759 3121; baseline -0.004 -5"><span class='ocrx_word' id='word_1_178' title='bbox 221 3039 407 3115; x_wconf 87' lang='lat' dir='ltr'><strong>Clau</strong></span> <span class='ocrx_word' id='word_1_179' title='bbox 457 3040 560 3114; x_wconf 82' lang='lat' dir='ltr'><strong>ius</strong></span> <span class='ocrx_word' id='word_1_180' title='bbox 621 3038 1012 3115; x_wconf 79' lang='lat' dir='ltr'><strong>adduxiffet.</strong></span> <span class='ocrx_word' id='word_1_181' title='bbox 1113 3040 1319 3115; x_wconf 90' lang='lat' dir='ltr'><strong>Olim</strong></span> <span class='ocrx_word' id='word_1_182' title='bbox 1344 3040 1563 3121; x_wconf 72' lang='lat' dir='ltr'><strong>‚divus</strong></span> <span class='ocrx_word' id='word_1_183' title='bbox 1610 3037 1759 3113; x_wconf 88' lang='lat' dir='ltr'><strong>Au·-</strong></span> 
     </span>
     <span class='ocr_line' id='line_1_33' title="bbox 223 3139 1763 3345; baseline -0.014 -123"><span class='ocrx_word' id='word_1_184' title='bbox 223 3143 448 3301; x_wconf 45' lang='lat' dir='ltr'><strong>?lstu‘s</strong></span> <span class='ocrx_word' id='word_1_185' title='bbox 473 3198 496 3233; x_wconf 85' lang='lat'><strong>,</strong></span> <span class='ocrx_word' id='word_1_186' title='bbox 543 3164 877 3241; x_wconf 73' lang='lat' dir='ltr'><strong>quantum</strong></span> <span class='ocrx_word' id='word_1_187' title='bbox 920 3142 1008 3217; x_wconf 83' lang='lat' dir='ltr'><strong>ab</strong></span> <span class='ocrx_word' id='word_1_188' title='bbox 1045 3140 1337 3285; x_wconf 76' lang='lat' dir='ltr'><strong>Alpibus</strong></span> <span class='ocrx_word' id='word_1_189' title='bbox 1367 3139 1625 3345; x_wconf 54' lang='grc' dir='ltr'><strong>ξοίῑέἱὶς</strong></span> <span class='ocrx_word' id='word_1_190' title='bbox 1671 3140 1763 3215; x_wconf 83' lang='lat' dir='ltr'><strong>ob</strong></span> 
     </span>
    </p>
   </div>
  </div>
 </body>
</html>
