2294 3870
437 233 592 294 ‘110
780 215 1632 304 Summum-run

177 361 416 414 ξ
445 333 862 412 exacerbavit
923 362 1157 412 recens
1224 340 1535 414 atrocitas
1576 367 1595 409 z
1671 337 1977 422 saeviturn

179 437 244 490 A.
265 441 328 489 U·
349 441 415 496 C·
446 437 634 512 enim
654 435 726 508 in
743 435 1100 511 damnatos
1112 495 1134 528 ‚
1154 440 1273 538 qui
1288 440 1363 512 in
1380 441 1572 514 diem
1593 439 1973 534 decimum,

223 541 361 592 790·
444 565 586 640 quo
616 537 703 612 de
727 537 1016 612 Tiberio
1046 564 1189 614 erat
1228 542 1617 618 nuntiatum
1642 599 1665 633 ,
1716 542 1913 616 dilati
1944 601 1971 636 ,

252 727 282 788 3
291 727 349 782 7·

221 625 270 676 J.
313 625 374 678 c.
440 638 806 714 hominum
829 637 1083 730 fidem,
1108 639 1381 728 absente
1408 669 1591 718 novo
1616 643 1935 758 Principe
1950 702 1975 734 ‚

435 739 916 844 implorabant.
945 741 1175 814 Inritis
1204 743 1513 845 precibus
1536 800 1561 833 ,
1612 771 1653 816 a
1688 742 1979 819 custodi-

435 842 562 916 bus
579 899 601 932 ‚
629 867 718 916 ne
742 841 912 942 quid
937 841 1253 918 advertiis
1279 844 1721 918 constitutum
1741 844 1935 919 fieret
1950 899 1978 936 ,

433 940 588 1018 sunt
609 939 1001 1044 strangulati
1018 998 1042 1033 ,
1086 953 1161 1018 δε
1190 973 1272 1017 co
1400 971 1471 1018 ra
1502 945 1577 1018 in
1602 947 1980 1020 Gemonias

433 1044 697 1145 abjecta
720 1101 743 1135 ,
791 1041 1061 1147 pristina
1086 1045 1292 1119 crude
1323 1049 1485 1120 itate
1511 1042 1876 1150 superstite.
1984 1101 1995 1106 -

531 1149 622 1219 11.
641 1143 944 1222 Ammos
963 1144 1279 1222 molliero
1299 1145 1503 1222 literae
1519 1146 1677 1220 Caii
1692 1145 1973 1222 Caesaris

435 1241 526 1317 ad
580 1242 888 1320 senatum
940 1274 1102 1320 cum
1164 1249 1565 1322 testamento
1616 1245 1890 1321 Tiberii
1938 1275 1979 1319 a

435 1345 774 1430 Macrone
833 1345 1091 1422 adla‘tae.
1174 1381 1217 1412 ot
1248 1347 1557 1424 Caelestes
1586 1347 1979 1455 ‘religiones

433 1474 620 1521 :avo
671 1444 948 1522 decerni
977 1483 1020 1514 ω
1075 1447 1448 1520 mandabat
1485 1477 1503 1518 ε
1570 1479 1613 1510 oc
1636 1445 1704 1520 se
1764 1447 1979 1520 modo

433 1548 793 1621 „Romam
820 1573 1185 1620 venturum
1213 1604 1236 1637 ‚
1274 1557 1347 1622 δε
1373 1575 1529 1622 cum
1562 1546 1859 1647 patribus
1887 1547 1978 1622 de

432 1644 832 1746 arepublica
859 1644 1344 1720 consulturum.
1388 1648 1728 1748 juvenem
1746 1704 1769 1735 ,
1796 1651 1980 1720 Ger-

431 1746 744 1819 anianici
771 1745 993 1829 filium
1021 1804 1048 1837 ,
1090 1745 1569 1826 benevolentia
1610 1745 1927 1828 foverent
1950 1805 1976 1838 ‚

270 1855 276 1862 ’
306 1931 325 1944 x
428 1880 475 1914 a·
487 1845 774 1921 consiliis
801 1875 1119 1953 regerent
1135 1885 1177 1916 σο
1190 1905 1208 1924 .
1231 1851 1753 1925 Testamentum
1772 1851 1935 1922 vero
1950 1907 1977 1940 ,

429 1975 574 2052 quo
598 1949 946 2041 Tiberius,
979 1951 1265 2027 biennio
1282 1954 1467 2040 ante,
1498 1951 1669 2026 duos
1696 1974 1983 2051 nepotes
2010 1949 2017 1957 ⁵

427 2050 631 2150 aequis
669 2052 968 2155 partibus
1001 2053 1287 2131 heredes
1320 2050 1663 2153 scripserat
1688 2108 1713 2141 ‚
1762 2049 1981 2127 Clau-

431 2150 630 2245 dium
653 2153 736 2251 in·
757 2150 944 2255 spem
973 2155 1247 2231 tertiam
1266 2211 1288 2241 ‚
1312 2152 1381 2226 le
1428 2177 1543 2225 ato
1564 2152 1774 2227 etiam
1804 2152 1983 2236 circ&

430 2253 664 2327 vicies·
689 2252 986 2325 sestertio
1012 2310 1036 2339 ‚
1083 2252 1369 2351 adsump
1439 2274 1541 2323 rat
1561 2309 1584 2339 ,
1638 2251 1930 2325 rescindi
1954 2309 1985 2342 ,

431 2361 505 2424 &
563 2352 819 2430 Caium
880 2352 1270 2451 Principem
1332 2350 1653 2453 appellari
1706 2352 1986 2447 curabat
2094 2419 2096 2422 .

428 2450 698 2523 Macro.
751 2450 870 2522 De
910 2452 1311 2530 testamento
1347 2462 1423 2537 &q
1454 2452 1633 2529 Caio
1670 2452 1987 2553 Principe

428 2548 652 2621 statim
699 2546 1047 2627 adsensere
1095 2576 1314 2653 patres
1337 2558 1389 2641 '‚‘
1418 2549 1829 2653 principatfis
1876 2580 1986 2627 ar·-

429 2647 636 2721 bitrio
665 2646 979 2751 superbi,
1028 2676 1478 2751 veteremque
1519 2653 1985 2753 ignominiam

429 2748 636 2823 ulturi
676 2752 926 2852 pariter
963 2762 1034 2827 δε
1061 2781 1322 2830 novum
1375 2750 1689 2827 favorem
1734 2754 1983 2831 eodem

429 2849 769 2925 dedecore
809 2856 1239 2927 emereaturi.
1292 2854 1407 2936 De
1436 2854 1693 2927 mortui
1718 2853 1988 2929 caelesti-

427 2950 556 3023 bus
611 2952 981 3025 honoribus
1034 2956 1177 3053 post
1220 2952 1601 3027 adventum
1658 2956 1993 3056 Principis

431 3048 952 3125 consultandum
971 3052 1331 3150 reensuerea
1772 3072 1781 3077 ’
1918 3074 1925 3081 “

529 3152 655 3223 111.
703 3154 1027 3230 IN‘rmu'M
1061 3152 1336 3231 Miseno
1370 3158 1678 3253 Romam
1709 3152 1985 3231 Tiberii
