2294 3870
433 205 537 284 '66
625 205 748 285 .C.
800 204 1343 280 Gonnum
1391 203 1761 282 Tacrrr

158 355 420 406 --AE
443 325 756 432 equestris
788 323 1046 402 ordinis
1064 383 1088 418 ,
1136 330 1395 405 cunetis
1445 329 1625 433 apud
1668 333 1978 408 Romam
2035 293 2069 351 ι’

181 425 333 482 Am.
358 427 418 478 C·

238 510 372 574 785.

227 601 279 651 J.
309 601 368 652 C.

443 456 645 530 atque
671 427 940 502 ltaliam
965 422 1339 532 praepesuit.
1392 433 1571 506 Mox
1594 457 1827 507 rerum
1851 461 1985 535 ΡΟ·-

445 533 647 622 titus,
673 530 765 604 ob
797 530 1349 632 magnitudinem
1372 531 1651 635 populi,
1684 559 1761 606 ac
1789 533 1981 610 tarda

321 715 343 740 ⁶
445 633 678 735 legum
716 631 961 706 auxilia
981 687 1006 720 ,
1051 630 1327 734 sumpfit
1381 659 1421 706 e
1470 631 1931 710 consularibus
1957 692 1989 728 ‚

367 741 390 812 J
443 735 565 835 qui
603 757 945 807 coerceret
984 731 1249 807 servitia
1282 790 1307 823 ‚
1368 743 1439 808 &
1480 733 1671 834 quod
1725 735 1984 811 civium

433 832 724 909 audacia
747 832 1100 908 turbidum
1119 891 1144 924 ‚
1180 833 1305 907 nisi
1327 835 1473 908 vim
1501 859 1808 910 metuat:
1843 837 2003 940 pri--

431 931 730 1034 :musque
773 932 1062 1008 Meffala
1109 935 1453 1011 Corvinus
1493 962 1646 1012 eam
1694 939 1989 1038 potesta-

445 1061 593 1110 tem
619 1087 672 1124 ,2
828 1063 1025 1110 aucos
1057 1035 1238 1109 intra
1262 1036 1409 1110 dies
1434 1036 1649 1109 finem
1675 1039 1935 1140 accepit
1958 1090 1989 1128 ‚

437 1135 635 1236 quafi
687 1163 736 1208 n
807 1137 946 1211 cius
1002 1137 1381 1211 exercendi.
1473 1137 1667 1209 Tum
1722 1139 1987 1213 Taurus

447 1235 750 1311 Statilius
789 1293 811 1327 ‚
875 1263 1297 1338 quamquam
1360 1235 1681 1338 proveeta
1743 1263 1935 1314 aetate
1961 1296 1990 1330 ,

447 1338 722 1440 egregie·
745 1335 1080 1413 toleravit.
1129 1339 1323 1413 Dein
1340 1335 1500 1412 'Piso
1527 1394 1548 1426 ,
1590 1338 1835 1440 viginti
1866 1366 1993 1443 pet

386 1493 388 1495 >
447 1465 661 1514 annos
691 1438 938 1541 pariter
967 1437 1334 1541 probatus,
1430 1438 1666 1511 ublico
1697 1436 1937 1516 funere
1962 1497 1991 1532 ,

447 1539 844 1615 ex'decreto
875 1537 1138 1636 senatus
1165 1597 1189 1629 ,
1235 1467 1607 1612 celeEratus
1657 1541 1769 1612 est.

554 1642 1089 1718 X11.RE1.A-mM
1111 1638 1276 1713 inde
1305 1635 1392 1712 ad
1411 1663 1629 1739 patres
1656 1667 1693 1710 a
1710 1637 1993 1731 Quinti-

453 1739 638 1813 liano
651 1795 672 1828 ‚
696 1739 970 1811 tribuno
993 1739 1222 1840 plebei
1240 1773 1314 1827 ,α
1330 1738 1417 1812 de
1439 1737 1616 1811 libro
1634 1737 1894 1834 Sibyllae
1912 1773 1992 1830 υ,

451 1865 663 1940 quem
703 1839 1036 1914 Caninius
1089 1839 1328 1916 Gallus
1354 1895 1403 1928 ,,
1438 1838 1994 1939 quindecimvir,

465 1938 732 2041 oerecipi
755 1939 934 2013 inter
964 1964 1223 2017 ceteros
1252 1938 1557 2039 ejusdem
1581 1941 1748 2015 vatis
1772 1997 1794 2029 ,
1816 1950 1887 2015 δε
1908 1939 1997 2013 οὲ

449 2036 596 2112 „de
644 2064 718 2112 re
768 2036 1475 2114 senamsconsultum„
1502 2040 1941 2143 postulaverat
1971 2069 1995 2113 ε

453 2166 594 2237 quo
630 2164 748 2241 per
781 2137 1245 2215 disceffionem
1280 2137 1461 2215 facto
1486 2198 1507 2228 ‚
1556 2140 1737 2215 mifit
1764 2140 1993 2215 literas

453 2236 677 2313 Caesar
693 2238 966 2313 modice
986 2241 1339 2314 tribunum
1349 2240 1699 2339 increpans
1718 2299 1737 2329 ‚
1752 2274 1795 2305 a:
1810 2242 1999 2341 igna-

453 2364 662 2410 oerum
695 2340 960 2441 antiqui
979 2341 1187 2414 moris
1204 2338 1295 2411 ob
1312 2346 1663 2439 juventam
1682 2371 1755 2411 ωε
1784 2340 1993 2414 Gallo

455 2436 902 2539 exprobrabat
940 2498 962 2531 ,
1031 2474 1074 2505 cc
1095 2438 1283 2540 qubd
1331 2436 1618 2512 scientiae
1684 2441 1993 2513 caerimo-

453 2540 914 2642 mniarumque
928 2564 1118 2615 vetus
1139 2598 1163 2630 ‚
1198 2540 1461 2613 incerto
1484 2544 1752 2614 austere
1779 2598 1803 2630 ,
1833 2565 1993 2616 ante

455 2638 917 2715 „sententiam
972 2640 1297 2743 collegii,
1343 2666 1483 2713 non
1509 2698 1531 2731 ‚
1580 2666 1658 2715 ut
1681 2639 1993 2731 ‘assolet‚

459 2739 686 2815 “lecito
726 2770 845 2844 per
891 2745 1239 2844 magistros
1263 2799 1284 2831 ,
1340 2742 1794 2840 aestimatoque
1846 2768 1993 2815 car-

451 2840 698 2915 „mine
747 2866 769 2930 ·,
845 2844 1026 2942 apud
1097 2841 1612 2939 infrequentem
1682 2840 1998 2917 feriatum.

377 2968 382 2971 ·
455 2940 838 3044 wegiffet».
907 2940 1126 3014 Simul
1152 2936 1735 3038 commonefecit3
1780 2975 1820 3005 α
1883 2943 1995 3015 uia.

453 3041 727 3115 »multa
769 3068 941 3115 vana
977 3038 1097 3113 sub
1133 3039 1419 3113 nomine
1457 3038 1711 3115 celebri
1752 2970 1994 3141 vuilga-

389 3204 394 3207 -
451 3142 752 3220 »bantur
769 3196 793 3232 ,
820 3139 1094 3220 sanxiffe
1113 3140 1494 3257 Augustum
1517 3198 1541 3237 ,
1564 3166 1790 3245 ,quem
1812 3163 1997 3229 mtra.
