2294 3870
185 347 422 394 ξΞΞΞΞΞ

183 412 426 465 .A„tntz

175 548 180 554 ,
241 497 378 558 786.

230 584 288 635 J,
319 585 381 634 C.

257 675 360 739 33·

441 220 546 302 78
678 211 765 283 C.
817 205 1335 280 connum
1385 207 1748 286 ΤΑοιτι

446 328 662 420 Quod
714 351 792 402 ut
839 324 1138 400 Tiberio
1174 355 1259 400 co
1356 329 1532 403 itum
1558 387 1581 420 ,
1624 328 1983 420 adlidere3

447 425 670 500 causas
723 427 1062 528 requirere
1085 485 1115 519 ,
1163 428 1252 502 ad
1296 457 1416 504 ere
1446 458 1677 532 preces
1708 488 1731 522 ‚
1781 429 1986 506 fateri

443 529 834 632 postremo«
849 555 1050 632 grave
1071 528 1491 604 conscientiae
1508 589 1535 621 ,
1557 557 1760 634 grave
1782 530 1985 605 famae

445 627 623 702 anfuae
661 685 687 720 ‚
752 629 802 702 fi
863 629 1209 732 proximus
1270 631 1650 704 amicorum
1687 690 1709 721 ,
1777 632 1989 707 nullis

441 730 845 806 »moriendi
887 730 1259 804 rationibus
1283 787 1307 820 ,
1358 734 1575 812 vitam
1612 729 1881 833 fiageret
1905 768 1947 800 :o
1962 761 1987 808 z

441 830 768 905 aversatus
804 829 1196 906 sermonem
1214 832 1439 906 Nerva
1458 891 1482 923 ,
1508 832 1986 909 abstinentiam

443 932 581 1006 cibi
621 933 994 1032 conjunxit.
1041 932 1379 1007 Petebant
1408 934 1599 1060 gnati
1626 935 1986 1035 cogitatio-

441 1059 618 1108 num
659 1041 798 1133 ejus
823 1090 850 1123 ‚
901 1037 1161 1134 quanto
1208 1033 1482 1136 propius
1526 1032 1705 1106 mala
1756 1035 1989 1136 reipu-

444 1132 638 1206 blicae
666 1132 908 1208 viseret
925 1191 947 1224 ,
973 1134 1109 1224 ira,
1137 1143 1417 1208 &metu
1434 1192 1456 1224 ,
1484 1133 1653 1206 dum
1676 1135 1987 1236 integer,

445 1233 616 1308 dum
627 1235 1004 1309 intentatus
1022 1292 1046 1323 ‚
1071 1235 1431 1309 honestum
1448 1233 1661 1308 finem
1684 1233 1991 1310 voluiffe.

445 1334 784 1410 Ceterum
809 1334 1202 1442 Agrippinae
1229 1335 1560 1438 pernicies
1587 1392 1609 1425 ,
1652 1335 1857 1435 quocl
1874 1337 1989 1408 vix

447 1434 776 1510 credibile
795 1494 818 1525 ‚
858 1436 1253 1509 Plancinam
1280 1437 1498 1509 traxit.
1557 1437 1785 1536 Nupta
1810 1434 1989 1508 olim

445 1533 583 1609 Cn.
611 1534 881 1624 Pisoni,
917 1547 990 1610 &
1017 1535 1242 1636 palam
1270 1534 1419 1609 laeta
1446 1541 1669 1608 morte
1698 1539 1990 1611 Germa-

443 1636 583 1710 nici
610 1693 634 1724 ,
681 1632 839 1709 cum
885 1633 1035 1708 Piso
1095 1633 1369 1709 caderet
1400 1692 1423 1725 ‚
1472 1633 1788 1750 precibus
1830 1635 1985 1710 Au-

493 1738 640 1812 ustae
665 1734 702 1824 ,'
735 1761 864 1809 nec
905 1733 1132 1808 minus
1171 1734 1551 1809 inimicitus
1591 1733 1809 1838 Agrip
1857 1737 1987 1810 inae

443 1766 724 1912 {efensa
743 1861 907 1910 erat.
937 1839 1041 1910 Ut
1069 1836 1316 1910 odium
1348 1846 1420 1911 δε
1444 1836 1657 1938 gratia
1684 1835 1769 1910 de
1800 1863 1939 1911 iere
1960 1895 1987 1926 ,

447 1949 550 2042 jus
603 1937 815 2013 valuit
856 1968 874 2009 ε
945 1939 1293 2040 petitaque
1346 1935 1746 2011 criminibus
1802 1938 1988 2033 haud

447 2040 702 2141 ignotis
731 2096 754 2128 ‚
797 2036 913 2113 sua
962 2066 1175 2113 manu
1198 2096 1219 2127 ,
1268 2037 1413 2114 sera
1458 2036 1674 2139 magis
1697 2096 1721 2128 ,
1774 2039 1987 2139 quam

446 2141 799 2214 immerita
822 2137 942 2240 sup
974 2138 1142 2211 'licia
1166 2137 1503 2239 persolvit.

551 2242 857 2332 XXVII.
975 2265 1070 2309 01·
1113 2262 1454 2308 Luc-rmus
1500 2232 1762 2309 funesta
1816 2238 1985 2312 civi-

451 2363 590 2411 tate
634 2394 656 2425 ,
766 2363 866 2408 ars
919 2336 1215 2407 maeroris
1264 2333 1397 2410 fuit
1435 2392 1457 2423 ,
1518 2336 1710 2434 quod
1761 2338 1984 2428 Julia,

444 2434 654 2513 Drusi
677 2434 816 2523 fivia
836 2492 858 2525 ,
902 2434 1255 2533 quondam
1288 2436 1580 2509 Neronis
1614 2464 1779 2509 uxor
1802 2496 1824 2527 ‚
1867 2440 1985 2514 de-

446 2534 668 2637 nupsit
691 2537 764 2608 in
798 2534 1090 2630 domum
1123 2534 1430 2613 Rubellii
1457 2536 1701 2609 Blandi
1727 2594 1749 2625 ,
1796 2534 1986 2639 cujus

448 2666 650 2711 avum
677 2695 699 2726 ,
745 2636 1116 2711 Tiburtem
1141 2694 1168 2727 ,
1207 2638 1515 2739 equitem
1538 2640 1934 2713 Romanum
1960 2698 1991 2731 ‚0

446 2738 753 2844 plerique
778 2738 1257 2815 meminerant.
1280 2742 1599 2814 Extremo
1620 2738 1782 2811 anni
1801 2766 1987 2814 mors

447 2839 611 2915 AElii
659 2840 911 2912 Lamiae
961 2834 1203 2915 fimere
1255 2838 1557 2914 censorio
1596 2838 1933 2925 celebrata
1961 2898 1985 2929 ,

445 2942 567 3039 qui
589 2940 1125 3015 administrandae
1153 2941 1347 3035 Syriae
1371 2938 1675 3039 imagine
1700 2938 1983 3023 tandem

443 3038 780 3116 exsolutus
804 3100 827 3133 ‚
861 3039 1040 3115 Urbi
1067 3037 1451 3142 ptaefuerat:
1492 3066 1703 3141 genus
1724 3035 1825 3109 illi
1855 3034 1985 3109 de·-

438 3168 690 3221 cotum
707 3199 734 3238 ,
769 3141 999 3223 vivida
1021 3138 1375 3245 semeias}
1412 3150 1484 3220 &
1504 3168 1645 3219 non
1667 3134 1991 3242 permisti⁴
