2294 3870
527 171 738 252 1212.
785 171 916 250 IX.
969 152 1569 248 Anxanum
1691 166 1844 276 265·

300 297 660 374 Interritus
707 354 731 388 ,
805 322 892 372 ne
951 283 1215 371 mutato
1271 294 1575 396 quidem*
1618 295 1843 372 vultus
1866 329 2101 378 Ξ

301 398 534 473 colore
561 435 587 487 ·,
655 402 1064 499 Lupumque
1101 453 1124 487 ,
1188 419 1265 470 ut
1320 393 1638 471 facinoris
1664 455 1689 490 ,
1745 399 1845 473 ita
1866 397 1931 449 A.
1949 399 2013 447 U·
2032 397 2101 449 C·

417 527 518 572 nae
549 497 812 572 socium
837 555 860 588 ,
913 493 1032 570 sed
1056 525 1199 571 non
1222 493 1375 589 satis
1405 495 1663 573 fortem
1688 556 1712 590 ,
1750 500 1841 576 ad
1912 493 2051 546 ⁷9⁴·

289 617 296 624 '
351 598 801 673 rmitudinem
829 599 1127 675 hortatus
1147 655 1170 688 ,
1201 595 1605 700 supplicium
1630 600 1800 674 adiit
1816 659 1841 693 ,

303 699 616 802 juffitque
702 695 1156 801 percufforem
1220 731 1264 764 ot
1298 698 1548 774 eodem
1592 756 1616 790 ,
1701 730 1843 802 quo

305 802 619 874 »Caium
687 823 1069 901 peremerat
1095 854 1120 889 ,
1184 796 1415 900 gladio
1464 803 1565 874 uti
1587 835 1629 868 :o
1644 855 1662 874 .
1726 802 1844 877 Ad

309 926 615 975 mortem
647 898 734 972 sic
765 897 1134 972 obduratus
1158 955 1203 987 ‚,
1228 927 1368 973 uno
1394 901 1532 974 ictu
1564 901 1844 976 obtrun-

309 1026 519 1074 catur.
551 1004 782 1102 Lupus
808 999 1076 1074 minore
1098 999 1467 1075 constantia
1486 1057 1509 1091 ,
1542 1004 1845 1104 repetitis

307 1100 553 1176 iffibus
594 1099 958 1174 trucidatus
987 1102 1098 1175 est.
1171 1100 1502 1192 Sabinus,
1538 1101 1737 1176 venia
1764 1115 1844 1180 δε

309 1201 647 1305 dignitate
670 1257 694 1291 ,
743 1228 890 1302 quae
921 1203 987 1274 ei
1014 1199 1205 1276 fuere
1244 1202 1486 1276 oblatae
1503 1259 1525 1292 ,
1558 1199 1793 1304 spretis
1818 1261 1843 1294 ,

309 1301 382 1376 se
436 1299 577 1403 ipse
628 1301 980 1376 interemit
1015 1331 1032 1373 ι
1089 1299 1461 1402 indignum
1511 1327 1687 1379 ratus
1720 1361 1745 1394 ,
1795 1303 1849 1377 fi

309 1402 608 1487 Chaereae
635 1400 956 1504 superstes
993 1401 1277 1475 viveret.

421 1503 622 1579 XVI.
661 1506 810 1577 qu
831 1529 880 1576 N
897 1531 938 1575 c
954 1528 990 1574 Β
1009 1528 1095 1617 ²²?
1125 1558 1151 1591 ,
1194 1525 1351 1578 eam
1396 1495 1877 1578 morientium·

309 1601 640 1678 ferociam
688 1603 936 1689 veritus
949 1657 954 1662 -
967 1659 990 1692 ‚
1044 1628 1121 1676 111
1174 1602 1535 1678 atrociores
1592 1603 1849 1680 milites

311 1704 894 1800 animadvertere3
953 1701 1291 1780 senatores
1314 1761 1337 1794 ‚
1386 1701 1685 1804 aliosque
1721 1704 1847 1781 fibi

311 1803 608 1880 infensos
655 1805 1004 1880 beneficiis
1058 1803 1449 1880 demulcere
1482 1835 1501 1877 z
1546 1805 1848 1882 necdum

309 1905 460 1981 virae
489 1906 947 2009 potentiaeque
978 1902 1241 1979 securus
1258 1960 1281 1993 ,
1324 1904 1644 1979 omnibus
1665 1964 1688 1996 ‚
1726 1908 1850 2009 qui

305 2004 662 2082 salutaturi
689 2004 957 2076 adirent
984 2058 1009 2090 ,
1044 2002 1494 2077 acerbiffimos
1525 2002 1853 2081 scrutato-

305 2136 416 2185 res
444 2106 793 2205 adponere
816 2129 838 2197 3
876 2127 964 2174 ne
991 2100 1306 2173 convivia
1330 2102 1617 2199 quidem
1636 2103 1809 2179 inire
1832 2130 1859 2195 ,³

305 2202 442 2282 nisi
489 2200 936 2306 speculatores
986 2226 1149 2274 cum
1190 2197 1441 2274 lanceis
1482 2200 1859 2279 circumsta-

307 2328 470 2385 rent
498 2360 524 2395 ‚
587 2300 972 2403 militesque
1007 2300 1161 2376 vice
1198 2300 1659 2379 ministrorum
1701 2302 1861 2381 fun·-

317 2427 637 2511 gerentur
673 2434 691 2477 z
759 2403 890 2477 alia
949 2426 1144 2479 metu
1204 2404 1587 2508 excogitare
1624 2463 1647 2497 ‚
1708 2434 1858 2509 quae

317 2510 539 2611 postea
577 2504 667 2581 ad
689 2504 1082 2677 Principum
1116 2508 1527 2607 majestatem
1569 2533 1854 2585 retenta.

317 2606 573 2711 Aspera
611 2630 846 2681 tamen
918 2603 1342 2707 uspicionum
1384 2607 1654 2683 mollita
1678 2666 1702 2700 ,
1748 2608 1857 2683 su·-

319 2708 517 2783 blatis
552 2706 922 2811 impietatis
964 2704 1360 2779 criminibus
1387 2762 1410 2795 ‚
1456 2708 1857 2784 condonatis

279 2840 285 2844 ·
319 2808 660 2885 veteribus
713 2806 974 2906 injuriis
1006 2862 1031 2897 ‚
1089 2804 1368 2879 remiffis
1418 2803 1661 2881 senfim
1690 2866 1715 2899 ‚
1779 2830 1858 2887 ut

327 2911 536 3011 gratia
570 2907 950 3013 augesceret
969 2964 994 2997 ,
1038 2905 1497 3010 veotigalibus.
1674 2974 1683 2981 .

345 3062 353 3067 -
421 3012 657 3086 XVII.
720 3009 1062 3085 Accessu·
1117 3009 1331 3083 etiam
1387 3007 1581 3084 favor
1610 3064 1633 3097 ‚
1692 3007 1849 3085 cum

329 3109 662 3189 Claudius
698 3111 979 3241 protulit
1023 3109 1197 3189 duos
1236 3108 1394 3187 Caii
1438 3106 1705 3189 libellos
1732 3166 1759 3215 ἑ
1810 3134 1851 3197 a

1898 571 1947 624 J.
1982 571 2050 622 C.

1934 663 2037 721 4¹·
