2294 3870
479 221 488 229 '
578 210 1574 287 ΑΝΝΑιιυΜ·Ν,οἰ-Αε.·
1709 237 1835 305 343

307 342 466 387 atate
515 325 605 387 sua
652 331 713 387 in
763 325 1112 389 sacramentis
1163 326 1413 423 votisque
1466 329 1849 409 concipiendis

312 405 816 491 'CaiiTiberiique
847 410 1080 468 nomina
1119 410 1353 469 reticeri.
1500 430 1509 440 ·

397 560 550 624 CAP.
579 562 719 625 XX.
760 551 1051 626 Antiocho.
1088 566 1211 629 Dio
1246 586 1367 645 tx,
1402 586 1537 653 pag.
1576 576 1711 640 670.
1750 566 1850 628 De

315 642 604 703 Antiocho
629 644 754 718 IV,
801 644 1208 727 Commagenae
1230 668 1363 730 rege
1387 696 1405 725 ,
1447 650 1657 710 dictum
1685 644 1849 727 supra

315 724 378 781 in
419 722 828 805 Supplementis
865 723 1078 785 Annal.
1105 725 1222 795 VII
1244 773 1262 801 ,
1304 748 1365 787 11
1390 750 1411 808 3
1448 737 1502 789 &
1528 718 1711 802 VIII,
1752 748 1847 807 34.
1879 802 1884 807 ῃ

317 798 466 862 Vide
487 810 542 861 &
563 805 773 877 Annal.
800 803 953 879 XII,
992 822 1084 879 55.
1696 874 1705 881 ,

395 878 779 945 Mithridates.
828 884 946 944 Dio
978 930 996 958 ,
1037 881 1171 943 ibid.
1222 882 1317 943 De
1363 884 1462 942 illo
1510 886 1623 964 jam
1662 887 1848 945 aftum

280 998 284 1005 -
315 954 475 1038 supra
512 964 572 1020 in
607 963 684 1022 Su
727 962 1016 1041 plemento
1057 963 1269 1022 Annal.
1296 962 1439 1024 VIII
1467 1009 1484 1036 ‚
1524 986 1615 1042 34.
1758 1011 1764 1017 -

391 1037 560 1099 Dara
589 1041 674 1101 Po
699 1042 896 1101 emoni.
944 1041 1062 1101 Dio
1085 1087 1102 1115 ,
1139 1041 1273 1101 ibid.
1314 1038 1430 1101 Hic
1456 1040 1731 1102 Polemon
1753 1042 1810 1101 ΙΙ
1828 1088 1847 1117 ,

311 1110 474 1195 suprzi
495 1138 827 1179 memoratus
849 1122 909 1178 in
925 1121 1332 1201 supplemento
1350 1120 1559 1182 Annal.
1578 1122 1692 1193 VII
1709 1168 1739 1197 ,‚
1752 1142 1778 1198 3
1792 1129 1846 1180 6.

393 1194 614 1278 Magno
635 1196 989 1273 Mithridate.
1014 1202 1171 1283 Rege
1194 1199 1429 1261 Pontico
1444 1248 1462 1276 ,
1491 1204 1630 1263 olim
1649 1200 1847 1262 Romae

249 1326 256 1329 .
313 1276 536 1335 aemu10.

393 1351 599 1415 Judaea
626 1351 686 1415 &⁶
714 1354 1001 1417 Samaria.
1037 1354 1184 1436 Quae
1212 1360 1347 1418 olim
1369 1354 1584 1425 fueram
1608 1360 1698 1418 avi
1730 1356 1849 1432 ejus

313 1428 560 1500 Herodis
587 1433 809 1516 Magni.
847 1435 919 1495 Iis
943 1439 1108 1497 etiam
1129 1436 1337 1499 addidit
1357 1436 1645 1497 Abilinam
1670 1482 1687 1510 ,
1726 1454 1849 1517 quae

313 1510 387 1569 ad
430 1511 729 1596 Lysaniam
779 1515 1104 1576 tetrarcham
1154 1518 1494 1597 pertinuerat
1528 1561 1545 1589 ,
1598 1523 1653 1574 δε
1694 1531 1849 1597 quae-

316 1608 555 1675 cumque
579 1613 644 1652 ex
665 1590 890 1651 Libano
915 1614 1071 1655 erant
1096 1598 1469 1675 imperatoriae
1499 1594 1848 1653 dominatio-

313 1671 400 1743 nis
423 1715 439 1743 ,
483 1690 542 1731 ut
580 1670 764 1731 videre
804 1672 880 1731 est
913 1672 1062 1755 apud
1100 1670 1409 1757 Jofiephum
1432 1718 1450 1748 ‚
1490 1670 1849 1757 Antiq.Jud.

291 1744 505 1824 -XIX,
550 1768 602 1824 5.
640 1772 796 1809 num.
833 1770 882 1810 1.
1014 1792 1026 1805 .
1077 1784 1084 1787 -

392 1824 583 1888 Fratri
625 1829 743 1907 ejus
781 1825 1010 1889 Herodi.
1052 1827 1200 1913 Regi
1238 1828 1524 1905 Chalcidis
1546 1876 1565 1905 ,
1618 1829 1688 1891 de
1727 1851 1847 1913 qno
1955 1858 1959 1866 ’

311 1902 432 1974 Dio
473 1927 552 1967 rx
582 1951 598 1980 ‚
633 1929 708 1988 pa
752 1949 768 1966 .
794 1915 928 1977 670.

391 1984 616 2047 Judoeis
635 1989 690 2047 in
734 1985 868 2046 ulta.
889 1987 1024 2046 Duo
1049 1985 1155 2045 hac
1177 1984 1247 2044 de
1271 2006 1331 2045 re
1348 1985 1573 2046 Claudii
1595 1987 1851 2063 decretu

313 2084 378 2124 ro
423 2065 635 2126 antibus
679 2063 941 2148 Agrippa
983 2071 1038 2122 &
1079 2062 1313 2122 Herode
1365 2066 1593 2124 obtenta
1629 2111 1646 2139 ,
1686 2065 1850 2127 refert

313 2085 586 2228 Joffephus
611 2193 627 2218 ,
655 2146 852 2228 Antiq.
889 2143 1019 2210 Jud.
1041 2141 1193 2206 XIX
1216 2189 1233 2216 ,
1265 2161 1317 2216 ς.
1352 2165 1508 2203 num.
1532 2167 1561 2202 2
1598 2151 1652 2202 δε
1688 2166 1741 2221 3.
1779 2145 1850 2206 In

311 2227 613 2307 posteriore
651 2225 709 2284 id
756 2222 1181 2284 memorandum
1213 2220 1415 2287 Judaeis
1448 2224 1695 2304 permitti
1724 2269 1741 2294 ‚
1790 2243 1851 2284 ut

310 2303 414 2386 pet
431 2304 739 2365 universum
755 2305 1075 2366 Romanum
1088 2304 1387 2382 imperium
1402 2351 1419 2379 ,
1435 2322 1668 2384 propter
1681 2301 1850 2362 fidem

313 2391 369 2462 ὃς
402 2387 698 2444 amicitiam
743 2377 1010 2444 Romanis
1096 2383 1349 2442 i-aestitam
1385 2429 1403 2456 ,
1460 2385 1670 2462 patrios
1723 2380 1852 2440 suos

313 2485 495 2524 mores
517 2511 532 2538 ,
580 2464 691 2522 fine
729 2465 846 2522 ullo
884 2465 1034 2540 impe
1075 2465 1288 2521 imento
1325 2459 1539 2521 servent
1576 2483 1595 2537 3
1648 2463 1851 2522 moniti

247 2586 264 2592 -
314 2561 498 2601 tamen
515 2561 574 2602 ut
594 2539 936 2618 modestiitsse
951 2557 1159 2618 gerant
1174 2586 1195 2617 ,
1214 2561 1321 2602 nec
1343 2543 1575 2602 aliarum
1594 2543 1849 2622 gentium

315 2623 614 2702 religiones
657 2635 1036 2678 contemnant.
1348 2642 1353 2646 ·

369 2776 548 2868 ,Cary
571 2773 740 2836 XXI.
775 2771 1048 2914 Reislituit.
1075 2773 1219 2866 ‘nio-
1241 2792 1356 2866 'tx’
1392 2793 1528 2858 pag.
1558 2782 1712 2844 669..
1741 2835 1747 2843 ι
1812 2839 1817 2844 .

394 2855 678 2917 Scriberet
707 2855 832 2934 here
871 2873 971 2915 em.
1010 2852 1128 2912 Dio
1151 2898 1169 2927 ‚
1202 2851 1336 2913 1b1d.

220 3048 225 3052 ·
393 3009 544 3072 CAP.
561 3009 758 3076 XXII.
780 2982 1110 3096 Mfflinae.
1132 2963 1357 3077 blandii
1375 3013 1592 3086 uxoriS,
1624 3001 1845 3092 fesminae
1884 3081 1889 3085 ,

299 3089 697 3180 ‘perditissimae.
1506 3167 1552 3233 P
1588 3171 1645 3236 iv
