2294 3870
437 181 568 271 '56'
675 180 762 251 C.
813 178 1344 252 Connrrrr
1398 181 1765 254 TAcrrr

179 324 416 439 ff
441 297 628 370 mitis
679 295 1002 370 exarserat
1029 354 1054 386 ,
1097 324 1175 372 ut
1200 326 1417 374 ‘more
1472 303 1659 404 regio
1711 299 1969 402 pubem·

230 483 266 530 7
273 474 365 539 85.

227 560 368 712 ³35⁶
419 597 816 690 -modestam
847 599 1208 698 pueritiam
1236 655 1258 688 ‚
1312 601 1387 671 in
1442 601 1586 672 aliis
1634 601 1973 702 imagines

442 424 810 496 ingenuam
845 399 1074 499 stupris
1096 398 1468 500 pollueret:
1517 409 1644 476 nec
1672 399 1969 474 formam

395 553 402 558 .
444 496 709 569 tantum
759 507 832 570 &
883 497 1129 570 decora
1184 527 1464 601 corpora
1494 558 1515 588 ‚
1570 501 1689 575 sed
1737 502 1810 572 in
1864 501 1971 572 his

436 706 775 797 majorum
808 753 830 786 ,
886 698 1413 773 incitamentum
1464 700 1798 800 cupidinis
1848 701 1975 772 ha·-

400 855 404 862 .
433 797 660 872 bebat.
711 799 1049 898 Tuncque
1073 797 1375 901 primum
1404 801 1641 901 ignota
1665 802 1819 873 ante
1848 828 1976 873 vo·-

425 896 672 972 cabula
700 925 966 1002 reperta
996 897 1198 989 sunt,
1240 899 1653 996 sellariorum
1682 910 1751 974 δε
1770 897 1974 996 spin-

423 999 705 1079 triarum
733 1057 758 1088 ,
802 1029 884 1075 ex
935 998 1246 1073 foeditate
1298 1000 1431 1073 loci
1482 1030 1557 1076 ac
1604 998 1975 1100 multiplici

431 1095 806 1200 patientia,
859 1101 1321 1202 praepofitique
1350 1100 1521 1174 servi
1556 1101 1677 1199 qui
1716 1126 1973 1199 quaere-

429 1225 588 1274 rent
619 1256 641 1289 ,
693 1203 1161 1304 pertraherent
1190 1221 1217 1272 ε’
1256 1200 1439 1276 dona
1466 1201 1539 1272 in
1576 1224 1929 1301 promptos
1949 1256 1979 1290 ,

436 1301 656 1374 minas
691 1301 1052 1376 adversum
1081 1302 1503 1397 abnuentes;
1552 1297 1695 1374 &fi
1719 1302 1975 1374 retine-

434 1427 592 1476 rent
613 1404 1027 1504 propinquus
1053 1427 1167 1476 aut
1190 1428 1426 1502 parens
1449 1457 1471 1490 ,
1496 1401 1639 1472 vim
1656 1456 1678 1488 ‚
1708 1426 1930 1503 raptus
1950 1457 1979 1489 2

433 1501 685 1601 suaque
711 1503 830 1604 ipfi
859 1502 1053 1576 libita
1079 1559 1102 1592 ‚
1147 1500 1335 1577 velut
1363 1503 1439 1576 in
1468 1524 1696 1603 captos
1721 1557 1743 1592 ‚
1780 1513 1977 1576 exer-

434 1602 705 1675 cebant.
807 1605 818 1616 ⁶
1810 1615 1820 1620 “

355 1773 365 1776 -
535 1704 626 1774 11.
681 1699 794 1774 Ar
823 1701 1084 1781 ROMAE
1136 1700 1353 1803 princi
1397 1699 1472 1776 'io
1524 1700 1685 1776 anni
1710 1756 1734 1789 ,
1790 1700 1997 1801 quast.

413 1795 666 1874 nrecens
716 1801 1006 1902 cognitis
1062 1802 1270 1876 Liviae
1320 1731 1589 1904 fllagitiis
1616 1857 1637 1890 ,
1702 1829 1777 1874 ac
1831 1805 1977 1874 non

430 1901 706 2003 pridem
745 1903 956 1985 eriam
990 1904 1243 2005 punitis
1265 1923 1317 1993 ,“
1335 1928 1590 1979 atroces
1629 1897 1977 2003 sententia:

427 2001 838 2077 dicebantur
862 2060 884 2093 ,
919 2004 992 2075 in
1021 2002 1277 2106 effigies
1304 2032 1579 2105 quoque
1608 2030 1682 2075 ac
1708 2030 1979 2075 memo-

431 2104 608 2177 riam
633 2114 815 2205 ejus-:
849 2114 921 2179 δε
947 2138 989 2169 ot
1008 2104 1191 2179 bona
1216 2107 1439 2205 Sejani
1460 2104 1681 2177 ablata
1704 2104 1933 2177 aerario
1950 2160 1975 2191 ‚

428 2231 563 2279 :out
621 2206 694 2279 in
747 2205 986 2277 fiscum
1046 2229 1505 2301 cogerentur»
1538 2258 1561 2290 ‚
1616 2226 1979 2300 tamquam

429 2303 737 2377 referret.
811 2299 1155 2399 Scipiones
1216 2304 1353 2373 haec
1384 2355 1405 2387 ‚
1456 2309 1527 2371 δε
1586 2298 1792 2369 Silani
1822 2358 1844 2387 ‚
1899 2314 1978 2377 δε

423 2401 680 2487 Caffii,
730 2396 972 2470 iisdem
1015 2392 1234 2477 ferme
1267 2453 1288 2486 ,
1340 2421 1456 2469 aut
1491 2395 1796 2501 paullum
1834 2399 1979 2473 im-
2030 2492 2035 2499 .

425 2498 708 2575 mutatis
741 2496 963 2571 verbis
1001 2495 1509 2572 adseveratione
1546 2494 1763 2571 multa
1810 2527 1977 2577 cen·-

425 2599 664 2677 sebant
698 2628 716 2673 ι
769 2596 930 2671 cum
975 2600 1251 2700 repente
1282 2598 1639 2705 Togonius
1682 2597 1921 2673 Gallus
1946 2658 1971 2691 ,

430 2702 602 2774 dum
627 2698 1136 2801 ignobilitatem
1168 2698 1353 2776 suam
1378 2700 1641 2802 magnis
1670 2700 1972 2783 nomini-

429 2802 556 2875 bus
581 2800 835 2890 inserit‚
860 2830 978 2905 per
999 2799 1453 2876 deridiculum
1482 2800 1768 2872 auditur.
1786 2798 1971 2875 Nam
1992 2810 2028 2829 ⁸

383 2970 389 2991 ,
429 2904 819 3005 Principem
869 2902 1105 2974 orabat
1162 2934 1204 2963 et
1227 2898 1527 2997 deligere
1586 2896 1919 2975 senatores
1947 2960 1971 2994 ,

402 3030 567 3077 mex
595 3004 744 3118 quis
771 2999 1016 3116 viginti
1051 3000 1227 3072 sorte
1264 2996 1450 3070 duffl
1481 3042 1502 3085 5
1540 3006 1611 3071 &
1643 2996 1829 3071 ferro
1856 3030 1979 3075 ac-r

407 3103 690 3203 ,vcinch
712 3156 736 3195 ,
763 3126 1077 3205 quotiens
1107 3097 1367 3178 curiam
1393 3094 1617 3177 iniffet
1637 3155 1663 3205 ἔ
1682 3096 1977 3211 salutern
2023 3178 2063 3223 ο

2272 3214 2275 3327 4

2273 3330 2275 3417 1
