2294 3870
562 198 1426 291 Auxanum-*Lu-
1478 194 1608 279 VL
1767 216 1862 296 79

364 323 669 401 rovincia
715 322 1196 426 dignationem
1251 318 1630 397 addiderat.
1698 323 1868 395 Exin
1888 353 2123 409 ΞΞ

308 340 556 501 Elacco
610 423 1001 527 Pomponio
1043 480 1069 515 ,
1139 422 1334 519 Sytiae
1390 446 1797 526 propraetore
1838 480 1862 513 ,
1887 420 1950 479 A·
1974 426 2038 480 U·
2057 430 2120 481 0

310 518 647 601 defuntsto
667 582 691 617 ,
724 525 1094 600 recitantur
1118 522 1396 598 Caesaris
1423 524 1630 598 literae
1645 580 1668 613 ,
1707 523 1858 624 quis
1934 518 2068 578 ⁷⁸⁶·

314 626 667 701 incusabat
689 659 732 691 ατ
745 653 786 702 e
834 626 1102 729 regium
1120 651 1467 725 quemque
1482 679 1504 715 ,
1524 635 1597 700 &
1620 651 1859 727 regen-

312 726 477 801 ,dis
528 726 805 803 exerciti
856 754 931 801 us
983 725 1319 799 idoneum
1349 780 1376 814 ,
1429 725 1728 801 abnuere
1785 726 1863 801 id
1963 704 2064 766 ³³⁴

311 854 620 903 „munus
639 858 659 901 t
681 825 888 930 seque
914 824 994 903 ea
1015 824 1497 903 neceffitudine
1517 825 1608 900 ad
1631 852 1866 929 preces

310 930 530 1030 acogi
555 985 578 1019 ,
628 954 750 1031 per
789 956 957 1029 quas
999 925 1453 1002 consularium
1497 926 1710 1029 aliqui
1748 956 1865 1003 ca-··

312 1026 623 1132 »peffere
650 1029 1029 1131 provincias
1052 1026 1166 1101 adi
1215 1053 1486 1104 erentur
1504 1058 1579 1104 n:
1606 1027 1864 1121 oblitus

312 1128 727 1204 Arruntium
780 1157 873 1206 ne
920 1130 997 1204 in
1053 1058 1449 1231 Higaniam
1500 1154 1815 1232 pergeret
1832 1184 1862 1221 ‚

319 1229 674 1305 decimum
745 1236 891 1331 jam
955 1258 1217 1304 annum
1279 1231 1570 1322 attineri.
1655 1229 1861 1305 Obiit

318 1329 579 1404 eodem
622 1358 801 1405 anno
849 1342 923 1407 δε
974 1330 1089 1405 Μ.
1131 1331 1430 1433 Lepidus
1460 1388 1482 1421 ,
1532 1331 1622 1406 de
1672 1340 1864 1431 cujus

314 1430 794 1508 moderatione
809 1489 834 1522 ,
860 1456 1066 1533 atque
1084 1428 1412 1535 sapientia
1429 1431 1504 1504 in
1526 1431 1870 1534 prioribur

295 1530 508 1606 'libris
565 1531 723 1607 satis
746 1622 755 1629 .
776 1533 1129 1609 conlocavi
1177 1562 1197 1604 z
1262 1558 1488 1633 neque
1541 1529 1864 1605 nobilitas
1977 1582 1982 1585 -

317 1632 573 1708 diutius
602 1634 1128 1712 demonstranda
1168 1634 1304 1708 est:
1348 1634 1600 1737 quippe
1649 1630 1868 1706 AEmia

313 1731 493 1807 lium
524 1760 736 1837 genus
767 1733 1158 1811 'fecundum
1188 1736 1529 1809 bonorum
1562 1733 1815 1808 civium
1835 1788 1864 1824 ,

318 1842 391 1907 Bt
416 1838 537 1938 qui
578 1835 824 1910 eadem
853 1834 1117 1911 familia
1154 1837 1480 1940 corruptis
1505 1834 1811 1909 moribus
1835 1890 1864 1925 ,

314 1932 581 2010 inlustri
605 1963 839 2014 tamen
867 1937 1141 2013 fortuna
1177 1939 1394 2040 egere.

421 2037 773 2113 XXVIII.
808 2044 1095 2114 PAULLO
1143 2040 1346 2114 Fabio
1371 2096 1392 2128 ‚
1445 2042 1524 2112 L.
1567 2035 2122 2125 Vitellio&

316 2137 709 2214 consulibus
728 2197 751 2228 ‚
798 2143 939 2243 post
978 2141 1268 2242 longum
1300 2131 1691 2211 saecusorum
1720 2161 1863 2212 am'·
1885 2144 1948 2196 A·
1971 2146 2029 2230 u.
2052 2144 2124 2194 0⁸

322 2239 553 2315 bitum
578 2297 601 2330 ‚
647 2240 779 2314 avis
814 2243 1097 2314 Phoenix
1124 2243 1199 2314 in
1239 2243 1409 2340 AEgy
1485 2265 1605 2311 um
1629 2232 1856 2329 venit,
1931 2236 2077 2298 ⁷⁸⁷2·

314 2340 737 2451 praebuitque
772 2343 1132 2416 materiem
1165 2341 1350 2414 docti
1401 2339 1552 2412 imis
1587 2338 1860 2442 indige·
1929 2333 1982 2382 ³·
2017 2333 2084 2382 C‘

316 2468 565 2515 natum
591 2500 613 2530 ,
662 2452 731 2516 &
762 2445 1160 2517 Graecorum
1192 2500 1214 2533 ‚
1263 2436 1479 2516 multa
1524 2438 1723 2543 super
1772 2468 1858 2516 eo
1956 2435 2048 2494 34·

312 2541 650 2615 miraculo
668 2537 1056 2616 differendi:
1076 2543 1164 2616 de
1185 2542 1428 2644 quibus
1447 2535 1859 2643 congruunt,

316 2652 392 2717 δε
424 2640 617 2746 plura
648 2642 975 2750 ambigua
999 2703 1021 2734 ,
1065 2642 1187 2718 sed
1229 2644 1508 2744 cognitu
1553 2671 1695 2716 non
1741 2644 1864 2716 ab·

312 2740 516 2817 surda
550 2799 577 2832 ‚
630 2770 949 2846 promere
1008 2744 1200 2819 libet.
1270 2746 1547 2817 Sacrum
1599 2741 1739 2815 Soli
1786 2745 1864 2818 id

312 2841 577 2918 animal
603 2900 627 2932 ,
675 2853 747 2918 &
786 2871 907 2920 ore
946 2873 1023 2918 ac
1068 2845 1384 2934 distinotu
1420 2843 1782 2946 pinnarum
1821 2873 1863 2918 a

314 2942 559 3018 ceteris
615 2943 851 3020 avibus
912 2944 1254 3046 diversum
1297 3003 1319 3036 ,
1385 2939 1815 3018 consentiunt
1836 3002 1866 3035 ,

310 3043 437 3144 q'ui
472 3038 779 3119 sormam
820 3055 965 3148 eju's
1007 3045 1357 3123 definiere.
1410 3046 1527 3120 De
1569 3071 1866 3120 numero

308 3170 655 3224 annorum
692 3147 879 3226 varia
924 3147 1328 3234 traduntur:
1369 3144 1672 3232 maxime,
1711 3139 1865 3240 vul-2

1471 3247 1666 3326 Div

1927 608 2082 661 1.(ἷό
2171 624 2178 633 ’
