2294 3870
239 341 470 376 m

235 405 296 456 Α.
325 409 385 455 U.
409 410 474 458 C.

499 219 639 293 252
837 196 1677 267 Svm‘ttururuu

493 340 678 418 patre
734 313 964 391 Judaeo
1007 368 1030 401 ‚
1101 309 1527 386 Alexandriae
1586 307 1966 386 Alabarchi
1993 329 2021 399 ,’

287 497 358 550 79
491 415 806 587 {enitusg
855 414 1323 484 Romanarum
1374 440 1602 486 rerum
1651 415 1839 486 tanto
1884 413 2023 486 stu·-

277 575 324 626 J·
361 575 421 624 C.

305 665 403 723 45·

541 512 737 588 iostot
759 569 780 601 ‚
831 510 1019 611 quod
1059 539 1098 581 a
1143 513 1371 611 patriis
1414 511 1609 586 sacris
1656 510 2022 586 defecerat.-

491 612 694 690 Haud
716 610 979 685 minore
1002 611 1042 689 J
1046 609 1293 683 udaicae
1312 613 1531 713 gentis
1552 611 1791 714 gloria,
1810 611 2022 711 quam

487 713 778 790 utilitate
805 767 829 800 ,
874 708 1339 796 defectionem
1354 710 1556 798 ⁸illam
1584 710 2027 814 pensaverant

487 817 700 887 Izates
724 869 748 901 ,
789 811 1310 886 Adiabenorum
1336 837 1450 892 rex
1474 867 1495 900 ,
1537 822 1608 886 &
1636 820 1777 913 ejus
1804 836 2030 887 mater*

485 911 754 990 Helena
779 969 800 1002 ‚
837 911 1242 991 ‘Judaeorum
1288 911 1694 1014 religionem
1734 911 2031 1014 profesti.-

487 1014 705 1088 Genti
729 1012 920 1086 enim
946 1012 1131 1114 gravi
1154 1010 1341 1088 fame
1366 1011 1757 1086 conflicitatae
1778 1010 2029 1086 subve-

487 1119 772 1208 nerunt3
796 1115 1010 1188 Izates
1036 1112 1321 1215 pecunia
1340 1170 1363 1202 ,
1388 1112 1651 1188 Helena
1676 1109 2031 1186 frumento

489 1217 895 1388 exdAEgypto
927 1237 1361 1316 comportato
1384 1271 1407 1304 ‚
1452 1223 1523 1289 &
1560 1215 1738 1288 inter
1770 1239 2034 1316 egenos·

493 1317 568 1392 di
620 1316 740 1389 ito.
1129 1357 1141 1367 ·

587 1418 752 1490 XX.
819 1417 1002 1489 Tum
1060 1416 1275 1488 Izates
1313 1470 1336 1503 ‚
1398 1414 1874 1490 Romanorum
1951 1408 2031 1486 δὲ·

489 1517 892 1590 Parthorum
955 1515 1257 1613 imperiis
1316 1514 1704 1609 interjestus
1730 1570 1753 1602 ‚
1808 1510 2028 1584 incla-

487 1613 804 1686 rescebat.
855 1609 988 1682 Sed
1021 1611 1250 1711 paullo
1277 1609 1471 1682 altius
1499 1636 1602 1683 res
1629 1612 2021 1710 repetenda.

450 1793 467 1808 ⁴.
483 1715 550 1783 Is
577 1709 974 1784 Monobazo
1001 1766 1023 1798 ,
1067 1710 1243 1812 patri
1266 1707 1385 1781 suo
1411 1705 1738 1782 defuneto
1761 1708 2029 1785 succes-

479 1809 654 1884 serat
678 1868 699 1900 ‚
732 1838 873 1882 non
899 1835 972 1884 ut
999 1835 1165 1885 natu
1194 1816 1414 1911 major
1438 1866 1462 1901 ‚
1499 1806 1619 1883 sed
1644 1833 1721 1884 ut
1752 1811 2021 1886 melior.
2082 1841 2089 1848 ·

483 1913 630 1988 Nec
656 1907 1026 1989 interfeffls
1053 1908 1369 1987 fratribus
1395 1968 1420 2001 ,Α
1464 1935 1541 1985 ut
1575 1938 1725 1985 mos
1752 1912 1844 1986 est
1866 1911 2021 1985 bar-

479 2013 661 2087 baris
680 2071 704 2104 ,
749 2014 943 2115 regni
971 2012 1492 2115 tranquillitati,
1533 2010 1658 2087 suae
1688 2012 2020 2087 securitati

375 2152 390 2167 ν
483 2114 870 2210 consuluit3
909 2112 1024 2188 sed
1067 2115 1305 2191 fratres
1334 2112 1483 2187 suos
1524 2142 1682 2189 cum
1720 2111 2018 2214 ipsorum

488 2216 721 2289 liberis
788 2216 1035 2316 partim
1087 2219 1393 2302 Romam
1447 2213 1534 2285 ad
1590 2213 1962 2288 Claudium
1989 2230 2017 2305 ,⁸

483 2316 730 2417 partim
753 2313 838 2384 ad
852 2314 1302 2398 Artabanum,
1321 2312 1727 2384 Parthorum
1754 2341 2015 2417 regem,

480 2412 681 2487 misit.
707 2411 1223 2485 Dominationis
1239 2407 1517 2485 >aemulos
1537 2411 1661 2487 hac
1684 2436 1829 2488 arte
1852 2414 2015 2491 fecit

483 2512 660 2617 pacis
696 2509 979 2584 obfides·
1264 2606 1267 2611 Ι

578 2613 775 2686 XXI.
803 2612 996 2685 Mox
1027 2606 1330 2687 adc‘revit
1351 2609 1536 2689 fama
1555 2671 1581 2705 ,
1618 2614 1776 2701 cum
1798 2618 2021 2692 Izates}

425 2714 432 2721 ’
481 2708 910 2787 Artabanum
939 2740 978 2788 e
1015 2737 1230 2827 regno
1258 2712 1625 2817 profugum
1657 2715 1842 2831 tanta
1884 2719 2019 2791 hu-

486 2815 816 2889 manitate
865 2836 1128 2913 ercepit
1158 2870 1181 2901 ‚
1246 2840 1321 2886 ut
1375 2814 1599 2889 alieno
1662 2844 1738 2889 1n
1794 2844 2011 2920 regno

482 2914 795 3016 Princeps
845 2912 1058 3014 magis
1080 2967 1104 2999 ,
1150 2912 1356 3007 quam
1400 2912 1581 2988 exsul
1631 2916 2009 2994 haberetur.

477 3010 581 3083 At
606 3013 763 3087 cum
785 3012 1000 3089 aliena
1021 3010 1289 3111 regibus
1311 3009 1577 3116 semper
1598 3016 1726 3091 sint
1750 3020 2009 3116 iniqua,

477 3113 777 3186 maxima
840 3113 1237 3192 dexteritate
1288 3110 1529 3219 sategit
1563 3173 1588 3210 ,
1650 3143 1724 3193 ut
1774 3118 2006 3193 Parthi

931 3336 936 3343 ⁶
997 3336 1027 3351 s
