2294 3870
511 201 1611 285 L12.‘V111.-ANNA210M.
1708 227 1839 300 149

303 319 617 405 inaudita
640 325 998 442 vectigalia
1029 325 1285 402 indi&
1309 355 1325 400 t
1350 353 1481 400 nec
1512 353 1843 427 umquam
1870 353 2101 404 Ξ-ΞΞ

303 430 611 532 pluribus
665 427 1247 503 criminationibus
1300 455 1377 500 ac
1423 425 1711 500 caedibus
1764 427 1837 499 in
1866 421 1929 474 A·
1952 425 2013 474 υ·
2036 423 2103 473 C·

302 532 620 630 pecunias
639 527 1038 603 involatum.
1059 525 1326 600 Multia
1343 525 1595 615 senatu,
1613 524 1833 627 plures
1904 517 2069 647 3⁷⁹2·
2102 556 2110 573 ⁴

299 658 344 702 a
372 632 592 704 Princi
643 658 680 704 e
711 629 1037 702 damnati.
1085 630 1171 701 Et
1200 685 1223 717 ,
1268 656 1355 702 ne
1384 625 1634 702 secreta
1658 623 1837 703 foret'
1945 691 1970 748 3
1977 625 2013 738 9
2042 626 2061 644 ⁶

304 727 420 802 sua
464 659 820 804 crugelitas
847 783 869 818 ,
918 726 1055 830 ipse
1093 728 1377 806 nomina
1404 756 1445 800 a
1467 725 1535 800 se
1562 727 1844 804 damna-
2016 711 2043 740 i

307 854 540 903 torum
571 832 644 915 in
671 828 915 904 tabulis
946 826 1291 930 proposuit
1318 855 1341 924 3
1390 828 1464 900 id
1494 855 1707 902 unum
1734 827 1845 902 in-

301 928 549 1030 ·dolens
571 988 592 1020 ,
619 955 734 1004 aut
766 928 1130 1030 indignans
1154 986 1177 1018 ‚
1200 927 1249 1001 fi
1274 956 1442 1027 quos
1465 925 1791 1002 enecasset
1818 983 1843 1018 ,

305 1029 428 1128 qui
532 1030 602 1104 er
654 1053 1120 1132 paupertatem
1172 1030 1398 1103 vivere
1458 1025 1839 1130 potuissent.

306 1059 644 1231 Supplicia
669 1155 889 1204 morte
917 1155 1323 1203 antevenere
1341 1186 1363 1217 ,
1396 1128 1489 1201 ob
1513 1154 1843 1202 temerata

306 1229 570 1303 militiae
604 1230 840 1304 munia
887 1227 1219 1318 accusati,
1270 1227 1599 1303 Calvisius
1650 1230 1841 1302 Sabi-

301 1357 436 1404 nus
465 1387 488 1419 ‚
528 1329 914 1405 senatorum
959 1331 1320 1429 praecipuus
1343 1385 1365 1417 ,
1406 1355 1443 1400 e
1495 1327 1843 1402 Pannonia

307 1429 521 1502 redux
545 1488 568 1519 ,
616 1429 892 1530 e'usque
943 1456 1110 1502 uxor
1170 1425 1499 1501 Cornelia
1553 1425 1794 1499 fortior
1819 1485 1843 1516 ‚

302 1530 516 1628 quam
539 1461 782 1604 melior
808 1526 1086 1602 femina.
1115 1530 1455 1629 Supremae
1476 1526 1844 1601 neceffitati

301 1630 554 1730 pariter
584 1631 876 1704 occurrit
900 1630 1128 1703 Titius
1154 1625 1374 1702 Rufus
1399 1685 1422 1718 ,
1464 1627 1572 1704 cui
1600 1626 1839 1701 datum

301 1729 622 1819 crimini,
670 1729 859 1831 quod
897 1728 1205 1804 senatum
1251 1762 1292 1793 ot
1314 1726 1506 1802 aliter
1542 1726 1787 1803 sentire
1814 1786 1838 1820 ,

297 1827 554 1903 :naliter
593 1828 786 1929 loqui
805 1865 848 1896 n
889 1829 1173 1904 dixiffet.
1217 1831 1325 1902 Ne
1359 1827 1664 1903 exfilium
1694 1829 1843 1928 qui-

297 1927 471 2022 dem
495 1955 726 2004 tutum
746 1927 878 2001 fuit
899 1927 1211 2004 adversus
1236 1926 1587 2003 efferatum
1600 1929 1845 2005 Princi-

295 2056 468 2133 pem
494 2024 912 2131 perfugium.
953 2028 1220 2100 Exsules
1249 2028 1437 2100 enim
1461 2083 1484 2115 ‚
1522 2026 1633 2099 vel
1664 2056 1848 2100 mor-

299 2155 452 2205 tem
506 2126 634 2200 fibi
682 2126 1044 2228 imprecari
1071 2183 1094 2215 ,
1146 2123 1257 2197 vel
1300 2123 1732 2222 tranquillam
1777 2136 1851 2200 δε

303 2225 746 2331 philosophia:
797 2224 1025 2298 studiis
1073 2223 1268 2297 haud
1310 2222 1585 2296 illaetam
1636 2224 1849 2297 vitam

305 2329 554 2443 degere
601 2326 914 2429 opinatus
938 2382 962 2415 ,
1017 2323 1201 2398 misit
1244 2324 1500 2397 circum
1548 2321 1789 2397 insulas
1818 2382 1845 2414 ,

359 2454 432 2500 ur
465 2426 804 2503 universos
844 2424 1413 2499 contrucidarent.
1483 2424 1629 2497 Hos
1662 2424 1843 2498 inter

299 2458 597 2603 Rvillius
636 2527 904 2601 Flaccus
930 2582 953 2613 ‚
997 2552 1207 2623 quem
1254 2522 1447 2626 supra
1494 2552 1873 2599 memora-.

309 2628 431 2716 vi,
483 2624 662 2701 foede
717 2625 1157 2700 obtruncatus
1200 2626 1293 2697 est
1331 2654 1347 2694 z
1401 2652 1563 2695 nam
1604 2626 1844 2698 mortis

309 2727 725 2803 exactoribus
763 2722 1037 2797 obnisus
1064 2781 1087 2812 ‚
1131 2722 1197 2797 se
1233 2723 1383 2796 vitae
1410 2746 1485 2793 ut
1515 2722 1844 2822 sapienter
1907 2798 1917 2807 ,

307 2826 583 2928 agendae
608 2884 630 2918 ‚
675 2828 770 2903 ita
811 2822 1082 2900 fortiter
1115 2820 1509 2897 amittendae
1543 2820 1845 2895 nescium

307 2926 642 3030 probavit.

207 3034 213 3038 ’
406 3027 550 3103 XV
553 3029 644 3099 11.
680 3030 900 3099 Haun
934 3050 1209 3100 vocatus
1236 3024 1310 3096 in
1336 3048 1567 3127 poenas
1591 3077 1614 3110 ,
1664 3020 1839 3095 ultro

305 3124 376 3219 {e
419 3126 676 3205 obtulit
712 3126 1020 3209 Herodes
1048 3183 1073 3219 ‚
1121 3122 1412 3204 Galilaeae
1464 3123 1795 3236 tetrarcha
1810 3180 1839 3223 ,ἰ

1442 3225 1513 3311 G
1565 3228 1641 3325 ui
