2294 3870
447 210 591 319 ’342
697 218 782 289 In
837 216 1413 287 Surruumwu
1464 217 1619 292 Lm.
1662 218 1793 291 lx.

459 339 584 401 filiae
602 383 620 411 ‚
646 336 862 397 femina
893 335 1138 426 cptimae·
1160 332 1507 415 carpentum
1537 338 1667 398 verb
1688 383 1705 411 ,
1726 358 1841 431 quo
1866 334 1989 413 hoq

458 418 666 477 nestata
701 414 963 475 Antomae
1004 416 1279 474 memoria
1300 460 1319 489 ‚
1364 434 1483 475 crat
1526 416 1760 475 vehiculi
1805 434 1989 497 genus

459 497 736 557 mularum
791 492 932 574 bigis
988 495 1223 552 tracium
1248 540 1267 569 ‚
1334 496 1394 552 in
1440 516 1557 577 qno
1602 494 1990 555 defunctarum

460 576 554 637 Au
597 577 832 635 ustarum
867 574 1139 654 imagines
1222 594 1281 633 er
1311 572 1545 634 Circum
1584 574 1937 635 ducebantur.

462 656 974 795 201211⁰f11²‘'c⁷'32'1¹2d‘s¹“
1017 651 1991 815 ‘tstffiss‘ssgffifflgffizszt

503 811 630 892 ustoe
671 810 742 871 ab
784 812 916 871 aviti
954 812 1280 891 recusatum.
1335 811 1702 893 Compertum
1732 812 1991 872 omnibus

455 834 1851 1050 ffizffisafflzzssaffiffsszffiffi’
1900 888 1993 1029 fx}

927 1011 943 1029 0
1851 1017 1870 1045 2

463 1050 600 1113 viva
629 1070 758 1109 recu
818 1069 954 1109 tum.
1021 1048 1192 1109 Multi
1232 1052 1441 1111 exstant
1478 1050 1740 1111 Antoniae
1780 1050 1999 1110 nummi

465 1150 598 1190 eum
638 1132 797 1190 titulo
837 1148 1122 1189 aurona
1163 1147 1463 1191 AvcvsrA
1490 1177 1508 1205 ,
1559 1129 1650 1189 std
1689 1133 1997 1209 imperante

465 1208 716 1269 Claudio
742 1208 852 1270 cufi
874 1254 892 1282 ,
935 1226 996 1269 ut
1019 1206 1259 1267 fatentur
1277 1211 1381 1269 viri
1406 1230 1601 1269 omnes
1622 1209 1833 1270 eruditi.
1870 1206 1999 1268 Co·-

515 1310 726 1347 nomen
779 1286 1042 1370 Augustae
1077 1288 1215 1346 olim
1248 1287 1439 1349 datum
1480 1287 1633 1350 fisiffe
1663 1288 1922 1349 Antoniae
1958 1305 2001 1345 a

469 1449 476 1457 .
533 1370 623 1427 aio
645 1370 762 1445 jam
785 1369 1096 1427 notavimus
1115 1369 1177 1427 in
1200 1368 1603 1448 Supplemento
1623 1366 1830 1427 Annal.
1848 1364 1964 1427 VII
1977 1409 2001 1439 ‚

555 1523 798 1587 Fratris.
835 1522 1184 1586 Germanici.
1219 1525 1440 1587 Tabula
1470 1526 1754 1585 Antiatina
1772 1570 1791 1599 ,
1828 1542 2003 1606 quam

476 1604 716 1664 eruditus
756 1603 998 1683 Vulpius
1085 1606 1341 1667 ublicavit
1378 1615 1433 1665 &
1474 1608 1752 1664 illustravit
1774 1651 1790 1679 ,
1839 1620 2007 1661 notat

476 1681 666 1744 mense
699 1681 942 1741 Ociobri
966 1729 983 1756 ,
1023 1627 1113 1742 :Ee
1135 1730 1153 1757 ,
1188 1705 1247 1745 ut
1280 1685 1488 1745 videtur
1510 1731 1528 1758 ,
1562 1682 1697 1765 (hic
1722 1685 1873 1742 enim
1898 1704 2007 1741 ex-

477 1764 666 1822 tritum
689 1782 939 1839 marmpr
959 1761 982 1843 )
1004 1806 1022 1834 ,
1059 1760 1211 1823 sexto
1244 1763 1371 1825 Idus
1409 1784 1617 1825 runa.
1652 1780 2007 1822 canname-

475 1841 538 1904 id
574 1842 688 1914 est,
725 1840 961 1917 inferias
995 1839 1341 1903 Germanici.

559 1920 934 2003 Agrippinam
972 1918 1034 1981 Cr·
1069 1920 1303 1983 Juliam.
1338 1920 1432 1982 De
1470 1919 1665 2003 quibus
1705 1917 1912 1980 dictum
1940 1918 2019 1979 in-

477 2000 886 2082 Supplemento
923 2001 1233 2062 Annalium
1268 2001 1385 2064 VII
1408 2048 1424 2076 ,
1465 2019 1557 2077 35.
1910 2003 1917 2010 ⁴

556 2081 679 2144 Per
713 2079 1035 2164 Augustum.
1074 2082 1306 2143 Sueton.
1330 2084 1390 2140 in
1420 2078 1620 2140 Claud.
1650 2076 1794 2158 Cap.
1820 2097 1910 2136 ιο.

555 2159 742 2221 Juxta
759 2161 1010 2234 Pompeii
1048 2161 1336 2220 theatrum.
1363 2159 1538 2236 Cujus
1567 2155 1784 2217 scenam
1806 2202 1822 2230 ,
1864 2157 2009 2215 olim

479 2238 784 2300 ambustam
814 2285 830 2313 ,
888 2239 1151 2299 refecerat
1196 2237 1449 2297 Tiberius
1492 2283 1508 2308 ,
1567 2255 1626 2294 ut
1675 2235 1883 2294 dietum
1933 2236 2015 2294 est

482 2317 643 2398 supri
672 2316 884 2376 Annal.
906 2318 993 2380 VI
1012 2364 1028 2391 ,
1058 2337 1153 2390 45.
1192 2317 1353 2373 Illam
1392 2314 1661 2378 dedicavit
1696 2313 1965 2373 Claudius
1994 2360 2013 2389 ,

483 2395 578 2460 sed
605 2417 776 2456 unum
807 2397 1020 2457 Tiberii
1043 2413 1253 2453 nomen
1276 2390 1540 2471 inscripsit
1561 2436 1577 2464 ,
1617 2389 1770 2449 suum
1810 2391 2014 2452 omifit.

484 2477 606 2536 Dio
641 2497 720 2536 Lx
744 2523 761 2551 ,
797 2495 928 2556 pag.
951 2483 1085 2544 669.
1109 2472 1329 2550 Quibus
1355 2471 1678 2531 caetirhoniis
1704 2470 1867 2530 ludos
1893 2490 2011 2530 tum

486 2555 718 2617 ediderit
736 2575 916 2615 narrat
935 2553 1231 2612 Suetonius
1246 2555 1303 2612 in
1327 2549 1529 2612 Claud.
1546 2548 1692 2630 Cap.
1706 2572 1737 2606 2
1752 2571 1775 2607 1
1786 2590 1802 2607 .
1820 2549 2011 2626 Hujus

491 2636 686 2696 theatri
720 2633 914 2696 rudera
949 2630 1190 2693 uisuntur
1222 2631 1403 2691 adhuc
1430 2631 1625 2689 Romae
1650 2628 1722 2686 ad
1746 2649 2013 2708 campum

489 2715 674 2852 Flori
716 2719 774 2775 in
817 2713 1020 2774 aedibus
1074 2714 1253 2775 Ducis
1298 2710 1365 2772 de
1420 2707 1599 2770 Grilzo
1627 2753 1649 2783 ,
1710 2705 2017 2790 vicinisque

493 2819 530 2858 a
573 2817 632 2856 ot
675 2817 803 2855 ecrs.

531 2820 838 2954 pReftidit.
863 2873 1098 2932 Sueton.
1123 2872 1185 2930 in
1214 2868 1415 2931 Claud.
1450 2866 1599 2948 Cap.
1634 2884 1724 2923 11.

579 2950 896 3037 Ignominia
933 2949 1138 3010 notari.
1206 2950 1287 3008 At
1318 2994 1334 3022 ,
1378 2947 1470 3006 vel
1514 2945 1689 3003 invito
1729 2939 1972 3003 Claudio
1998 2989 2021 3018 ,

503 3031 622 3093 haec
661 3031 980 3116 ignominia
1017 3075 1034 3105 ,
1091 3027 1370 3088 malorum
1428 3023 1752 3105 Principum
1806 3021 1971 3081 ultrix
1999 3069 2025 3098 ,

499 3109 716 3178 Caium
737 3109 917 3177 secuta
931 3111 1044 3190 est3
1071 3109 1397 3191 testaturque
1416 3102 1535 3169 Dio
1560 3121 1641 3165 Lx
1662 3148 1682 3181 ,
1712 3119 1847 3184 pag·
1872 3107 1989 3174 667
2004 3145 2035 3184 3
