2294 3870
404 167 506 242 380
636 170 724 244 C.
775 171 1318 242 Connzru
1368 171 1736 248 Tam-rr

142 307 382 354 Ξ
411 316 644 393 garum
665 346 690 376 ,
714 291 1249 390 quingentorum
1277 289 1603 393 spatium:
1638 294 1787 368 sunt
1810 292 1935 394 qui

146 369 211 439 a.
233 375 294 421 u,
319 375 379 424 c.

367 427 374 437 u

196 456 330 514 787.

197 545 246 596 J.
279 546 338 595 C.

211 647 320 718 34.

411 388 850 478 adseverent,
915 389 1106 463 mille
1161 394 1694 494 quadringentos
1752 393 1937 468 sexa-

411 490 601 592 ginta
651 517 868 562 unum
917 491 1259 590 interjici3
1310 495 1573 594 priores
1613 523 1694 569 ue
1750 493 1940 566 alites

409 589 762 664 Sesostride
805 590 1106 692 primum
1131 650 1155 680 ‚
1208 595 1349 692 post
1384 593 1526 664 Am
1594 595 1706 669 ide
1728 651 1752 682 ‚
1808 595 1940 666 do-

404 691 824 765 minantibus
861 747 887 778 ,
944 691 1106 764 dein
1158 691 1525 766 Ptolemaeo
1567 753 1591 785 ,
1666 694 1788 793 qui
1857 719 1951 770 ex

405 790 912 868 Macedonibus
958 791 1195 866 tertius
1239 795 1543 894 regnavit
1566 853 1589 886 ,
1650 795 1723 865 in
1773 793 1943 874 civi-

404 917 620 964 tatem
643 948 667 981 ,
717 891 826 964 cui
875 891 1255 994 Heliopolis
1308 922 1566 968 nomen
1590 951 1614 982 ‚
1665 891 1945 967 advola-

405 989 567 1065 viffe
599 1049 624 1079 ‚
681 990 904 1064 multo
963 1017 1339 1067 ceterarum
1401 993 1754 1068 volucrum
1824 1021 1945 1064 co-
2026 1087 2036 1092 -

405 1095 658 1172 miratu
682 1149 704 1182 ‚
747 1120 1001 1166 novam
1043 1091 1294 1166 faciem
1339 1095 1757 1167 mirantium.
1811 1093 1946 1166 Sed

409 1193 772 1291 antiquitas
809 1193 1096 1292 quidem
1135 1193 1415 1267 obscura
1443 1225 1460 1265 ε
1511 1195 1690 1268 inter
1724 1193 1946 1266 Ptole·-

411 1319 665 1368 maeum
695 1322 771 1365 ac
795 1295 1162 1366 Tiberium
1194 1295 1419 1368 minus
1444 1295 1720 1369 ducenti
1748 1294 1949 1393 quin-

409 1394 742 1565 ?uaginta
798 1395 960 1466 anni
1009 1391 1285 1486 fuerunt
1327 1425 1345 1465 t
1398 1395 1582 1478 unde
1634 1393 1951 1466 nonnulli

355 1571 377 1578 ἡ
447 1493 660 1566 alsum
695 1494 874 1566 hunc
899 1495 1297 1568 Phoenicem
1320 1551 1343 1582 ,
1386 1522 1609 1593 neque
1637 1493 1949 1565 Arabum

404 1621 451 1668 e
497 1595 689 1668 terris
739 1594 1086 1667 credidere
1111 1653 1134 1682 ,
1188 1593 1498 1692 nihilque
1550 1591 1948 1694 usurpavisse

407 1720 495 1770 ex
537 1695 640 1767 his
673 1752 695 1782 ,
755 1721 902 1794 quae
961 1718 1151 1768 vetus
1209 1694 1545 1767 memoria
1598 1693 1946 1766 firmavit:

406 1793 723 1872 confecsto
767 1795 1015 1895 quippe
1061 1821 1396 1868 annorum
1435 1821 1724 1868 numero
1752 1851 1774 1881 ,
1823 1793 1951 1865 ubi

401 1921 591 1969 mors
644 1895 1053 1995 propinquet
1074 1954 1097 1985 ,
1150 1893 1279 1969 suis
1320 1897 1396 1969 in
1451 1895 1643 1969 terris
1698 1896 1979 1968 struere.

403 1994 655 2068 nidum
675 2052 696 2083 ,
726 1996 924 2093 eique
951 1998 1096 2069 vim
1125 1996 1499 2097 genitalem
1534 1994 1909 2069 adfundere
1929 2052 1951 2083 ,

403 2123 492 2169 ex
536 2093 670 2195 qua
719 2092 942 2169 fe'tum
993 2097 1203 2169 oriri:
1251 2107 1321 2170 δε
1370 2098 1665 2197 primam
1718 2094 1953 2167 adulto

403 2222 644 2276 curam
668 2192 1038 2295 sepeliendi
1061 2195 1300 2294 patri53
1322 2223 1546 2292 neque
1565 2195 1642 2266 id
1668 2219 1954 2284 temere,

402 2294 529 2369 sed
559 2293 821 2366 sublato
849 2294 1127 2387 myrrhae
1154 2292 1458 2391 pondere
1486 2350 1507 2381 ‚
1552 2318 1956 2392 tentatoque

407 2390 831 2495 perlongum
852 2393 1002 2478 iter,
1024 2390 1143 2463 ubi
1161 2418 1276 2491 par
1304 2394 1534 2480 oneri,
1560 2420 1675 2494 par
1697 2396 1956 2467 meatui

403 2491 486 2565 fit
512 2547 533 2578 ‚
578 2488 798 2563 subire
847 2490 1142 2591 patrium
1194 2518 1433 2592 corpus
1459 2551 1480 2580 ‚
1523 2492 1731 2593 inque
1781 2496 1955 2568 Solis

411 2618 602 2665 aram
653 2587 949 2691 perferre
977 2649 1000 2680 ,
1050 2617 1253 2690 atque
1303 2591 1598 2667 adolere.
1656 2598 1814 2666 Haec
1845 2597 1985 2667 in?

412 2716 596 2766 certa
627 2701 712 2765 «δε
751 2687 1063 2765 fabulosis
1115 2698 1323 2765 aneta.
1382 2692 1721 2767 Ceterum
1754 2694 1957 2796 aspici

415 2793 508 2867 ali
564 2791 788 2865 uando
813 2792 886 2863 in
903 2795 1194 2894 AEgypto
1222 2820 1373 2865 eam
1397 2792 1783 2885 voluerem,
1815 2824 1978 2870 non·

421 2922 535 2969 am
587 2892 811 2992 igitur.
1934 2933 1943 2951 =

527 2994 796 3067 XXIX.
857 2989 968 3064 Ar
1023 2990 1278 3063 ROMAE
1341 2989 1519 3065 caede
1588 2990 1957 3081 continua,⁴

424 3090 1112 3197 PomponiusLabeo,
1127 3118 1339 3193 quem
1358 3088 1681 3197 praefuiffe
1692 3090 1971 3196 Moefizg·
