2294 3870
487 175 1130 248 “aumatium
1200 167 1400 248 Lrn.
1458 169 1588 268 VI.
1740 191 1827 276 93

283 291 548 396 'tributa
573 293 980 396 adigebatur
1001 331 1028 384 ,·
1053 294 1127 367 in
1153 303 1311 396 juga
1335 296 1549 368 Tauri
1578 301 1835 373 montis
1860 325 2094 381 Q!

293 396 592 473 absceffit
616 425 634 469 t
660 396 1107 496 locorumque
1133 395 1411 497 ingenio
1433 393 1570 472 sese
1596 424 1833 473 contra
1862 397 1923 450 A.
1947 403 2009 451 U·
2031 401 2096 454 0·

291 496 614 574 imbelles
661 497 837 598 regis
889 497 1113 599 copias
1166 495 1553 592 tutabatur3
1607 498 1829 575 donec
1912 483 2053 546 ⁷⁸⁹·

297 601 414 675 M.
436 596 866 687 Trebellius,
893 595 1151 699 legatus
1170 653 1193 686 ‚
1234 595 1583 672 aVitellio
1601 655 1626 690 ‚
1666 627 1835 702 prae-
1904 573 1951 624 δ’
1972 573 2052 706 ⁶⁶⁶

295 698 439 773 fide
476 699 674 796 Syriae
694 754 717 789 ,
759 725 920 771 cum
957 715 1248 798 quatuor
1285 696 1585 774 millibus
1612 700 1676 775 le
1726 703 1837 776 io-
1934 665 1963 724 3
2006 684 2033 710 ⁶

296 800 648 886 narioeum
661 854 684 889 ,
708 809 780 874 &
803 796 1080 872 delestis
1102 795 1360 872 auxiliis
1382 798 1609 874 missus
1623 858 1646 891 ,
1668 731 1843 878 §uos

297 899 510 974 colles
533 956 557 990 ‚
608 925 782 1000 quos
814 898 1080 974 barbari
1109 897 1495 974 insederant
1540 904 1843 995 (minori

301 1003 525 1077 Cadra
549 1056 572 1088 ,
626 998 820 1074 alteri
853 1005 1142 1076 Davara
1186 1026 1447 1076 nomen
1492 1003 1633 1099 est)
1678 1031 1869 1106 ope-,

299 1101 486 1184 ribus
542 1099 995 1176 circumdedit
1033 1131 1052 1174 z
1117 1111 1193 1175 &
1238 1127 1595 1205 erumpere
1650 1102 1839 1182 ausos

301 1201 490 1278 ferro
513 1258 535 1293 ,
560 1227 814 1278 ceteros
839 1199 946 1276 fici
969 1259 992 1294 ,
1018 1200 1108 1275 ad
1135 1201 1567 1279 deditionem
1591 1206 1840 1308 coegit.

300 1303 408 1378 At
439 1303 778 1380 Tiridates
805 1360 828 1395 ‚
878 1303 1267 1378 volentibus
1292 1305 1553 1378 Parthis
1579 1361 1601 1393 ,
1644 1305 1846 1380 Nice'-

302 1403 626 1507 photium
683 1416 754 1480 &
799 1402 1341 1480 Anthemusiada
1375 1459 1400 1494 ‚
1462 1403 1847 1505 ceterasque

304 1503 554 1595 urbes5
618 1533 764 1607 quae
813 1504 1321 1582 Macedonibus
1373 1504 1507 1578 fitae
1533 1561 1556 1594 ,
1612 1507 1844 1580 Graeca

298 1605 632 1683 vocabula
673 1604 989 1709 usurpant
1018 1663 1040 1696 ,
1085 1605 1478 1707 Halumque
1526 1616 1599 1680 δε
1637 1606 1843 1682 Arte-

302 1707 550 1780 mitam
579 1765 603 1798 ‚
651 1709 960 1782 Parthica
991 1707 1242 1810 oppida
1267 1764 1289 1797 ,
1340 1707 1597 1808 recepit
1626 1734 1647 1801 3
1704 1735 1845 1782 cer-

303 1807 604 1884 rantibus
621 1808 874 1910 gaudio
898 1867 920 1900 ,
948 1809 1070 1908 qui
1085 1807 1513 1880 Artabanum
1530 1851 1554 1896 ·‚
1572 1809 1843 1906 Scythas

299 1909 476 1984 inter
537 1908 870 1984 eductum
892 1967 916 1999 ,
967 1907 1060 1981 ob
1115 1906 1435 1981 saevitiam
1484 1905 1847 2000 exsecrati,

301 2018 506 2084 coine
553 2009 894 2081 Tiridatis
914 2068 918 2073 .
937 2008 1294 2107 ingenium
1338 2010 1681 2083 Romanas
1727 2036 1847 2111 per

299 2135 474 2185 artes
519 2107 909 2211 sperabant.
973 2156 983 2163 -

411 2209 638 2283 XLII.
701 2212 1111 2280 Pummtm
1156 2204 1561 2283 adulationis
1618 2206 1853 2282 Seleu-³

309 2308 864 2397 censes-induere,
887 2307 1118 2382 civitas
1127 2332 1393 2408 potens,
1410 2305 1477 2379 se
1527 2334 1595 2381 ta
1610 2309 1847 2399 muriS,

306 2437 536 2509 neque
566 2412 637 2483 in
671 2410 1032 2483 barbarum
1062 2434 1409 2509 corrupta,
1476 2407 1565 2483 ed
1604 2409 1846 2482 c'ondi-

309 2510 782 2586 toris-Seleuci
823 2510 1139 2583 retinens·
1189 2510 1521 2584 Trecenti
1550 2511 1791 2612 opibus
1817 2568 1843 2600 ,

310 2636 428 2685 aut
477 2609 796 2713 sapientia
849 2608 1100 2682 delecti
1137 2664 1161 2696 ,
1226 2632 1302 2682 ut
1358 2608 1666 2684 senatus:
1725 2609 1843 2685 sua

310 2711 568 2815 populo
592 2713 690 2785 vis
708 2770 729 2800 ‚
759 2721 830 2785 δε
857 2709 1175 2809 quotiens
1201 2708 1569 2783 concordes
1595 2734 1849 2809 agunt,·

311 2812 354 2885 s
391 2814 644 2886 emitur
675 2812 954 2885 Parthus
996 2838 1015 2881 ι
1067 2807 1187 2882 ubi
1222 2804 1575 2884 dissensere
1594 2820 1627 2899 ',
1677 2808 1847 2883 dum

313 2840 438 2986 sipbi
467 2911 746 3013 quisque
772 2936 1006 2989 contra
1032 2908 1307 2983 aemulos
1331 2908 1701 2983 subsidium
1732 2938 1848 2982 vo-

314 3038 510 3101 cant,
538 3015 786 3087 accitus
803 3012 874 3085 in
895 3036 1157 3115 partem
1176 3068 1197 3100 ‚
1227 3010 1585 3085 adversum
1606 3037 1848 3083 omnes

309 3111 612 3199 valescit.
681 3112 768 3189 Id
813 3140 1031 3217 nuper
1075 3112 1409 3190 acciderat
1428 3170 1453 3204 ‚
1498 3110 1843 3189 Artabano
