2294 3870
376 306 383 315 .
474 236 573 305 ,ο
678 214 769 295 C,
816 210 1365 283 Concurrit
1423 208 1792 281 Tonrr

212 355 451 412 aaz
474 326 808 429 Euphrate
859 336 933 403 &
976 325 1072 398 Ti
1156 353 1195 402 e
1227 382 1251 417 ,
1305 324 1578 403 inclutis
1630 326 1950 405 amnibus
1983 342 2019 419 3

212 419 279 473 A.
300 421 363 472 υ·
386 419 449 471 C·
476 424 852 503 circumflui
874 482 901 517 ,
930 352 1418 524 Messgtmtamiae
1445 456 1708 505 nomen
1736 456 2019 533 accepe-

258 504 402 647 ἰδὲ
474 553 653 619 runt.
708 528 952 629 Neque
995 527 1220 601 multo
1258 529 1412 644 post
1443 530 1760 607 Sinnaces
1805 558 1892 607 au
1943 556 2024 607 et

284 676 380 757 35,
475 631 697 734 copias
720 658 745 725 3
797 638 872 704 δε
897 626 1218 704 columen
1243 653 1542 743 partium
1565 630 1858 733 Abdage
1891 659 1968 707 es
1991 688 2024 721 ,
2134 676 2144 686 ·

470 758 709 836 gazam
734 736 806 805 &
830 754 1093 833 paratus
1125 755 1350 831 regios
1379 729 1633 830 adjicit.
1681 730 2026 809 Vitellius
2140 756 2152 763 ·

464 827 812 917 ostentaffe
828 834 1146 908 Romana
1165 856 1353 905 arma
1368 828 1520 907 satis
1539 856 1743 921 ratus,
1759 856 2020 911 monet

464 930 829 1007 Tiridaten
854 929 1196 1035 primores
1234 958 1319 1007 ue
1343 960 1364 1004 ι
1385 932 1566 1007 hunc
1589 989 1612 1025 ,
1645 966 1688 999 α
1703 932 2020 1009 Phraatis

465 1035 633 1109 :navi
670 1044 743 1109 &
785 1032 1015 1108 altoris
1068 1034 1190 1107 Cae
1219 1032 1347 1107 aris
1371 1087 1396 1122 ,
1445 1060 1595 1133 quae
1641 1033 2020 1135 utrobique
2099 1054 2104 1058 ·

467 1170 514 1205 ω
524 1134 827 1251 pulchra,
848 1131 1246 1209 meminerit
1260 1162 1333 1205 n:
1351 1132 1530 1224 illos,
1543 1167 1584 1199 ot
1602 1133 2026 1234 obsequium

468 1263 599 1309 :om
648 1262 885 1337 regem
919 1292 943 1327 ,
989 1234 1444 1309 reverentiam
1476 1236 1552 1308 in
1583 1263 1706 1309 nos
1731 1292 1756 1324 ,
1801 1235 2026 1311 decus

467 1335 811 1438 aquisque
864 1334 1063 1412 suum
1130 1346 1204 1411 &
1265 1334 1480 1411 fidem
1536 1336 1908 1411 retinerent
1935 1370 2023 1411 a».
2105 1348 2108 1353 ·

471 1439 643 1529 Exin
675 1466 835 1513 cum
860 1436 1244 1539 legionibus
1273 1436 1345 1508 in
1372 1437 1628 1532 Syriam
1657 1438 2026 1511 remeavit.

570 1539 857 1613 XXXV
860 1540 1064 1629 111.Q
1080 1563 1194 1609 ωε
1217 1534 1475 1609 duabus
1493 1537 1815 1611 aestatibus
1833 1540 2022 1639 gesta

468 1636 789 1737 conjunxi
829 1691 856 1723 ‚
925 1638 1063 1735 quo
1127 1634 1574 1733 requiesceret
1643 1639 1913 1717 animus
1979 1668 2024 1711 a

368 1799 381 1804 -
471 1734 863 1817 domesticis,
902 1734 1121 1809 malis·
1174 1735 1338 1809 Non
1371 1736 1559 1809 enim
1589 1737 1965 1811 Tiberium
1995 1796 2029 1828 ,

472 1862 893 1938 quamquam
926 1817 1224 1911 triennio
1267 1838 1411 1940 post
1451 1836 1964 1938 caedemSejani
1993 1896 2027 1931 ,

473 1967 622 2041 quae
680 1960 936 2013 ceteros
998 1935 1269 2014 mollite
1336 1937 1554 2014 solent
1600 1996 1623 2029 ‚
1686 1964 1962 2042 tempus
1993 1997 2021 2031 ,

472 2049 705 2146 preces
753 2097 777 2134 ,
840 2037 1036 2114 satias
1078 2097 1103 2130 ,
1159 2041 1566 2144 mitigabant
1608 2099 1634 2131 ,
1685 2041 1850 2142 quin
1903 2043 2026 2114 in-

475 2167 659 2221 certa
692 2199 715 2232 ,
777 2139 889 2218 vel
946 2142 1203 2218 abolita
1232 2199 1253 2230 ,
1314 2169 1436 2240 pro
1495 2141 1882 2241 gravissimis
1942 2152 2024 2217 δε

477 2242 861 2322 recentibus
919 2243 1210 2340 puniret.
1285 2241 1384 2310 Eo
1435 2265 1628 2311 metu
1678 2241 2023 2316 Fulcinius

476 2345 651 2415 Trio
676 2341 1066 2436 ingruentes
1099 2333 1508 2408 accusatores
1535 2337 1716 2409 haud
1749 2340 2025 2442 perpes-

475 2439 579 2512 sus
611 2493 632 2524 ,
688 2433 1013 2536 supremis
1076 2432 1320 2508 tabulis
1379 2434 1596 2509 multa
1643 2447 1716 2510 &
1763 2443 2022 2516 atrocia

474 2537 549 2610 in
585 2537 997 2610 Macronem
1017 2593 1039 2624 ,
1084 2563 1161 2608 ac
1204 2537 1398 2637 praeci
1447 2565 1568 2610 uos
1610 2535 2018 2614 libertorum

474 2635 751 2714 Caesatis
802 2633 1239 2738 composuit3
1293 2637 1367 2740 ip
1391 2668 1416 2711 ι
1463 2671 1505 2703 oe
1527 2637 1774 2711 fluxam
1824 2637 2015 2714 senio

471 2765 840 2816 :umentem
861 2748 932 2814 &
956 2739 1362 2813 continuum
1389 2737 1755 2814 absceffum
1773 2797 1794 2827 ,
1823 2740 2019 2816 velut

474 2841 925 2930 aedilium»,
951 2840 1382 2942 objefiizandO.
1431 2843 1602 2931 Quae
1634 2841 1720 2912 ab
1750 2841 2018 2914 heredi-

480 2943 608 3018 bus
664 2940 1046 3034 occultata,·
1104 2939 1371 3014 recitari
1420 2937 1740 3012 Tiberius
1793 2941 1965 3040 jussit
1995 2971 2022 3014 x

485 3043 885 3146 patientiam
916 3041 1246 3116 libertatis
1270 3039 1504 3112 alienae
1531 3041 1863 3113 ostentans
1880 3097 1903 3129 ,
1943 3052 2022 3116 δε

480 3167 919 3252 contemptor
970 3140 1096 3219 suae
1151 3136 1450 3240 infamiae
1472 3196 1499 3249 2
1550 3169 1642 3218 an
1687 3135 2030 3237 scelerum
