2294 3870
586 199 1062 284 Ἀκιυωυ
1093 231 1157 278 M
1206 203 1537 284 Nora.
1688 219 1836 314 269⁴

333 845 460 938 'IN
499 867 1355 942 SUPPLEMENTUM
1382 867 1662 940 LIBRI
1696 871 1783 944 V.

479 1019 1651 1171 ANNALIUM

285 1427 446 1492 Cn.
471 1383 718 1494 VLL.
766 1429 820 1494 Ο
841 1445 940 1494 1⁸11
962 1447 1000 1495 ο
1020 1449 1165 1495 ms
1208 1447 1479 1493 tum.
1514 1399 1750 1493 Sueton-
1774 1432 1834 1494 in

289 1509 529 1572 Othone
547 1559 568 1588 ,
612 1511 770 1592 Cap·
806 1531 858 1573 1.

365 1670 519 1732 CA».
545 1669 678 1734 Vn.
721 1666 1173 1734 Familiaritates
1206 1666 1459 1753 adflixit.
1503 1667 1739 1736 Sueton.
1778 1675 1843 1738 ie

285 1747 487 1818 ,Tiben
519 1749 674 1842 Cap.
700 1769 794 1826 51.

291 1827 696 1973 mJot-agtzum
713 1826 1076 1925 fimpliciras.
1135 1829 1341 1894 senec.
1387 1830 1459 1894 de
1494 1831 1842 1910 Beneficiis,-

403 1954 424 1987 ,
475 1931 506 1969 2
553 1951 569 1968 .

376 2066 534 2133 Cn.
561 2067 726 2133 VIII.
779 2068 1096 2132 Patravere
1125 2060 1524 2149 I-iieroffilyma.
1592 2060 1844 2131 Mortem

290 2146 425 2217 Jesu
451 2149 658 2211 Christi
673 2195 692 2224 ,
726 2152 918 2230 paucis
945 2166 1311 2210 memoratam
1335 2137 1547 2208 Annal.
1567 2144 1710 2222 XV,
1734 2170 1805 2221 14
1830 2165 1850 2227 3

291 2228 436 2289 forte
482 2234 542 2289 in
585 2228 693 2289 hac
730 2227 1044 2291 Annalium
1086 2247 1249 2309 parte
1294 2224 1551 2287 omiserat
1589 2225 1845 2288 Tacitus.

293 2308 376 2369 ’‘A't
398 2308 776 2370 Christianum
801 2306 1127 2390 scriptorem
1153 2307 1386 2391 puderet
1407 2305 1468 2367 id
1492 2305 1646 2366 filere
1666 2354 1685 2383 ,
1720 2328 1846 2391 quo

294 2388 438 2448 nihil
455 2390 634 2467 majus
646 2405 915 2469 peperere
932 2387 1127 2451 saecula
1137 2435 1157 2466 ‚
1175 2396 1232 2449 δε
1244 2391 1307 2450 in
1322 2408 1440 2472 quo
1460 2384 1601 2449 salus
1620 2388 1809 2449 nostra
1825 2402 1848 2463 ,·

293 2466 413 2549 spes
438 2514 456 2543 ,
489 2488 652 2529 amor
674 2475 728 2527 &
800 2469 962 2528 loria-

374 2544 423 2607 J
421 2547 562 2624 eficm
601 2543 738 2605 Chri
821 2566 894 2604 m.
919 2546 1036 2605 Sub
1064 2544 1278 2605 duobus
1302 2544 1563 2608 Geminis
1588 2544 1845 2607 consuli·-

295 2622 399 2685 bus
445 2622 731 2685 Christum
776 2621 883 2683 esse
931 2622 1149 2703 passum
1191 2625 1459 2687 consentit
1499 2629 1799 2707 antiquitas
1824 2648 1843 2685 t

299 2702 416 2787 qua
441 2702 512 2763 de
537 2723 600 2763 re
625 2703 788 2785 plura
811 2700 926 2764 dixi
955 2704 1017 2767 in
1045 2704 1235 2784 priore
1266 2702 1509 2765 editione
1528 2748 1548 2779 ,
1576 2704 1753 2765 Tom.
1774 2703 1804 2764 1
1822 2720 1850 2781 ,'

296 2802 506 2923 Pa-gs'o?
520 2790 704 2944 {ijfias
741 2858 975 2921 lumine.
1017 2859 1086 2938 Iri
1118 2858 1353 2923 archivis
1377 2860 1647 2923 Romanis
1686 2862 1849 2923 exsti-

301 2940 422 3005 tiffe
483 2940 708 3001 illorum
757 2939 919 3022 prodi
963 2942 1149 2999 iorum
1198 2945 1532 3003 memoriam
1590 2939 1845 3003 testantur

299 3018 677 3082 Tertullianus
713 3021 780 3082 in.
799 3019 936 3100 Apo
963 3021 1167 3103 ogetic.
1203 3022 1290 3083 Ca
1336 3064 1351 3082 .
1378 3044 1473 3082 21.
1513 3020 1795 3081 Lucianus
1813 3068 1835 3097 ,

300 3099 518 3185 Martyr
539 3146 560 3180 ,
594 3099 748 3184 apud
778 3097 1044 3165 Rufinum
1065 3146 1084 3181 ‚
1122 3099 1271 3167 Hist.
1355 3100 1742 3244 edelsffQu'
1779 3111 1837 3163 6.

1236 3228 1243 3241 .
1574 3200 1633 3259 ιι]
