2294 3870
499 183 510 189 -
565 221 770 299 Lrn.
809 217 1012 302 VIII.
1063 241 1647 298 ANNAtruM.
1742 247 1877 322 157

340 334 770 419 infremeret.
847 335 1194 421 MiIitibus
1244 343 1407 416 vero
1440 396 1463 431 ,
1525 365 1881 442 tamquam
1904 383 2143 430 m

343 443 564 518 hostes
589 439 937 517 deviciffet
954 498 978 533 ,
1007 441 1409 517 donativum
1436 440 1652 516 dedit.
1692 445 1881 518 Inter
1904 445 1968 498 A·
1990 447 2056 500 U·
2074 447 2140 498 C·

341 543 543 642 hujus
574 543 740 614 anni
767 540 950 616 foeda
975 598 1000 632 ,
1043 543 1189 646 post
1213 541 1447 616 Lolliae
1478 535 1877 633 discidium,
1952 541 2091 594 ⁷⁹²·

343 641 550 716 dueta
594 670 636 716 a
677 643 982 745 Principe
1030 669 1200 716 uxor
1247 641 1555 716 Caesonia
1579 699 1604 732 ,
1655 669 1742 718 ne
1794 671 1879 718 ue
1948 619 1996 670 ³⁰
2030 619 2095 696 c?

343 739 520 816 facie
549 740 824 844 insignis
849 799 872 830 ,
915 769 1143 846 neque
1182 767 1373 817 aetate
1402 743 1667 845 integra
1691 799 1716 832 ,
1744 669 1886 818 cied
1984 716 2077 776 3⁹¹

344 841 653 916 motibus
697 842 933 915 fimilis
957 899 982 932 ,
1035 843 1445 945 imperiique
1544 843 1688 917 estis
1709 899 1734 932 ,
1786 842 1837 915 fi
1860 900 1885 933 ,

344 939 444 1016 uti
471 941 801 1017 traditum
838 945 931 1017 est
954 999 979 1033 ,
1018 943 1354 1020 amatorio
1378 871 1889 1044 medicamento

257 1101 264 1108 .
343 1042 674 1115 maritum
700 1044 774 1116 in
811 1039 1120 1118 furorem
1158 1041 1531 1146 impulerit.
1578 1043 1677 1117 At
1702 1042 1889 1117 indi-

345 1167 494 1215 tam
514 1143 750 1217 natura
766 1140 1121 1233 insaniam,
1137 1144 1436 1218 duorum
1453 1142 1889 1246 peffimorum

341 1243 784 1343 ingeniorum
818 1239 1139 1318 societate
1172 1300 1197 1333 ,
1239 1253 1312 1318 &
1350 1241 1759 1346 principatus
1800 1242 1890 1316 li·-

344 1340 572 1416 centia
605 1340 877 1418 creviffe
915 1342 1141 1445 potius
1167 1341 1601 1417 crediderim.
1638 1341 1891 1444 Tigel-

342 1441 526 1516 linus
563 1498 588 1533 ,
659 1445 884 1546 postea
936 1443 1013 1518 in
1075 1443 1314 1518 animo
1364 1452 1438 1518 δε
1492 1439 1894 1516 libidinibus

340 1543 638 1622 Neronis
663 1542 924 1619 validus
937 1600 962 1633 ,
993 1544 1124 1618 hoc
1152 1571 1335 1618 anno
1358 1542 1453 1616 ob
1479 1541 1891 1620 adulterium
1930 1569 1945 1582 ·

338 1642 522 1745 Agri
568 1644 740 1746 pinae
765 1645 838 1717 in
868 1642 1172 1720 exfilium
1204 1649 1387 1720 aetus
1411 1645 1527 1720 est.

591 1747 716 1820 IX.
760 1748 998 1820 emus
1053 1745 1339 1822 tertium
1384 1739 1619 1820 consul
1642 1795 1667 1831 ‚
1712 1738 1891 1816 solus

335 1843 811 1945 magistrarum
867 1845 1195 1949 Lugduni
1252 1845 1409 1920 iniit
1454 1873 1479 1943 ;
1525 1840 1691 1916 'non
1730 1899 1755 1932 ,
1813 1866 1894 1918 ut
1914 1825 1977 1876 A.
1999 1827 2063 1877 υ·
2081 1824 2147 1878 c·

329 1942 643 2043 quidam
690 1946 966 2019 voluere
993 2003 1017 2034 ,
1063 1944 1249 2019 soliti
1288 1944 1467 2018 faeta
1499 1942 1891 2055 Principum
1966 1923 2113 2066 393⁰·

331 2043 416 2118 in
465 2068 756 2156 pravum
800 2044 1230 2143 interpretari
1259 2098 1283 2132 ,
1322 2040 1633 2143 superbia
1674 2042 1896 2143 negli-
1993 2040 2095 2167 ἑο.

390 2140 672 2217 εητιᾶνε
696 2199 720 2232 ,
773 2138 892 2217 sed
933 2140 1128 2242 quod
1171 2138 1575 2214 defunctum
1609 2137 1731 2213 sub
1756 2146 1899 2213 Ka-

415 2241 713 2317 ndarum
767 2240 962 2315 diem
1025 2238 1367 2347 collegam
1428 2238 1663 2335 absens
1718 2238 1903 2313 haud

354 2338 667 2417 resciffet.
733 2340 1036 2440 *Animos
1083 2342 1247 2415 verb
1300 2364 1525 2416 tamtus
1574 2338 1905 2441 Principis

351 2467 580 2517 metus
633 2444 873 2516 Romae
931 2438 1287 2517 incesserat
1314 2501 1339 2534 ,
1400 2468 1479 2517 ut
1539 2464 1851 2543 praetores
1874 2498 1901 2531 ,
1972 2453 1975 2458 '

342 2570 562 2645 penes
625 2570 750 2617 uos
771 2567 925 2617 tum
945 2566 1089 2615 erat
1108 2544 1463 2619 auetoritas
1483 2598 1506 2633 ,
1530 2540 1705 2615 nihil
1725 2538 1863 2615 aufi
1874 2596 1901 2631 ,

357 2644 614 2745 Capito
639 2643 792 2719 ium
856 2669 1016 2717 cum
1077 2639 1423 2743 frequenti
1476 2639 1711 2715 senatu
1760 2646 1909 2719 1<ae

361 2740 587 2819 lendis
619 2741 1138 2825 conscenderint
1164 2770 1189 2835 ς
1229 2740 1555 2839 sacrisque
1580 2738 1909 2841 peraffis;

363 2852 437 2919 &
467 2844 741 2918 adorata
778 2842 1106 2944 Principis
1139 2839 1301 2916 sella
1329 2896 1353 2931 ‚
1400 2838 1666 2942 argenti
1711 2838 1855 2912 vim
1883 2895 1908 2928 ,

361 2945 553 3044 quod
577 2946 676 3019 im
725 2946 1013 3020 eritante
1041 2941 1347 3045 Augusto
1368 2997 1392 3033 ,
1422 2937 1603 3015 nova
1624 2947 1694 3012 &
1718 2935 1907 3014 obse-

363 3044 512 3144 quii
538 3044 648 3118 avi
697 3044 735 3117 ἃ
756 3044 1228 3119 dominatione
1254 3100 1275 3130 ,
1320 3064 1625 3143 coeptum
1650 3093 1676 3127 ,
1719 3034 1905 3113 velut

369 3143 675 3247 praesenti
726 3144 1117 3225 obtulerint.
1190 3140 1476 3223 Deinde
1526 3139 1605 3219 in
1648 3138 1909 3221 cutiam
