2294 3870
400 164 540 231 300
629 136 714 205 ΙΝ
769 83 1344 202 Summnmmi
1400 132 1531 203 Lm
1578 130 1742 209 VII,

440 252 709 335 Argentei
719 248 1024 331 pegmatis.
1058 248 1207 309 Pun.
1224 248 1491 309 XXXIII
1508 298 1525 325 ,
1546 271 1608 329 3,
1628 252 1782 311 sect.
1802 271 1824 309 1
1838 257 1900 309 6.

371 333 543 394 Caius
578 333 841 411 Princeps
880 329 939 386 in
980 327 1155 388 Circo
1236 330 1269 387 'e
1312 352 1406 389 ma
1445 331 1633 403 duxit,
1670 334 1731 391 in
1776 346 1899 412 quo

369 411 522 471 fuere
559 416 775 495 argenti
855 406 1010 466 oudo
1047 350 1314 469 effla&
1328 455 1345 483 ,
1385 407 1618 469 Gauicae
1659 426 1900 469 monetat

371 492 525 551 librae
563 496 750 569 8,105.
838 484 956 547 otte
991 508 1133 567 opus
1170 490 1459 549 materiam
1494 486 1798 568 superabat.
1824 528 1831 534 -

369 728 388 743 ⁹
432 648 599 745 ,Off-
642 646 872 709 XXIX.
926 642 1228 721 Confestim
1274 606 1683 725 adpugnarent.
1734 642 1851 705 Dio
1879 684 1901 715 ,

371 726 559 866 fflg'ex
591 804 659 871 ὓ·
694 801 902 886 viginti
928 800 1152 881 equites.
1202 802 1315 863 Eos
1349 804 1465 881 jam
1499 822 1661 864 antea
1696 800 1903 881 dilapi-

372 882 514 943 datis
545 883 892 944 facultatibus
934 888 988 940 &
1021 882 1360 975 gladiatoriis
1392 880 1773 943 certaminibus
1805 884 1903 939 in·-

371 961 546 1022 fames
592 960 746 1023 fuiffe
777 963 939 1021 docet
970 960 1088 1019 Dio
1123 964 1238 1022 loc.
1274 965 1366 1022 cit.

420 1070 426 1076 ·
453 1041 810 1124 Praectfisque
843 1040 1072 1123 linguis.
1107 1040 1226 1100 Dio
1246 1086 1265 1116 ‚
1302 1040 1435 1122 ibid.

455 1194 613 1257 CA».
637 1194 841 1258 XXX.
882 1194 950 1257 In
975 1208 1176 1273 poenas
1208 1196 1339 1258 ruit.
1376 1195 1538 1256 Philo
1563 1241 1582 1271 ,
1620 1197 1787 1277 legat.
1826 1190 1899 1253 ad

377 1274 586 1338 Caium
605 1297 739 1369 ,pa
786 1319 801 1336 .
829 1297 942 1347 997
987 1282 1042 1335 &
1075 1274 1230 1361 seqq.
1271 1276 1391 1337 Dio
1421 1295 1572 1373 ux?
1604 1294 1738 1356 pag.
1766 1282 1931 1345 647.-

373 1358 606 1415 Sueton.
641 1377 702 1417 m
785 1357 876 1415 aio
899 1401 915 1428 ‚
953 1354 1101 1435 Cap.
1124 1365 1246 1416 26..

455 1432 568 1493 Ter
604 1436 786 1497 morti.
832 1433 994 1492 Philo
1015 1480 1034 1506 ,
1067 1435 1237 1524 legag.
1259 1433 1327 1492 ad
1359 1430 1562 1507 Caium
1583 1479 1600 1506 ,
1640 1452 1699 1510 p.
1733 1452 1902 1489 1000.
1976 1492 1979 1495 ,

456 1512 776 1573 Proetorias
814 1514 1058 1571 cohortes
1098 1529 1323 1571 ventus.
1368 1509 1585 1585 Quibus
1599 1508 1901 1588 ‘praefectus

377 1608 494 1649 erat
528 1588 727 1679 Macro
749 1636 767 1664 ,
807 1608 866 1647 ut
899 1588 1132 1646 diximus
1165 1590 1225 1645 in
1257 1588 1659 1668 Supplemento
1688 1587 1905 1647 Annak

317 1752 327 1759 '
369 1668 775 1828 ν’κέἓγδιξτιῖνῗι.
817 1738 1104 1881 Εῗιιίῑίδιιε
1125 1742 1396 1804 Romanis
1417 1740 1705 1802 illustribus
1727 1737 1903 1821 sepo-

373 1822 1215 1984 fitzrzalffgffiffilgemghpffi
1244 1900 1456 1964 Annal.
1480 1894 1610 1977 VI',
1637 1918 1734 1975 45.
1754 1896 1901 1959 Sue-

375 1983 560 2042 tonius
639 2003 827 2068 noque
861 1985 934 2042 in'
955 1981 1137 2058 Caio,
1180 1981 1330 2064 Cap.
1366 2005 1457 2042 η.

449 2057 598 2120 Exci
625 2062 658 2121 d
691 2082 892 2142 quoque
912 2060 1118 2140 Jbbole.
1143 2061 1309 2124 Philo
1330 2109 1348 2138 ,
1376 2063 1543 2144 legat.
1567 2057 1638 2119 ad
1658 2055 1859 2120 Caium
1877 2103 1899 2133 ‚

371 2157 512 2222 pag.
551 2159 700 2201 1000
730 2164 751 2220 3
795 2149 850 2202 &
880 2143 940 2200 in
973 2139 1267 2217 Flaccum,
1301 2161 1441 2224 pag.
1466 2148 1602 2213 967.

452 2295 857 2358 Car-‘XXXL
895 2295 1262 2356 Senatoribus
1293 2294 1554 2354 maxime·
1602 2296 1899 2354 Suetonius
1930 2281 1941 2294 x

371 2377 434 2436 in
461 2375 604 2434 Caio
627 2421 645 2449 ,
685 2375 774 2435 Ca
817 2416 832 2433 .
867 2395 956 2452 30.
1001 2374 1118 2432 nio
1150 2391 1300 2448 ux,
1376 2394 1409 2432 a
1450 2415 1467 2432 .
1496 2369 1628 2444 648.

448 2398 1129 2533 Crematosssmulaverat.
1169 2395 1373 2532 δοριξ
1384 2393 1530 2531 ἔαρ.
1558 2455 1613 2510 8.

447 2529 821 2611 Morbumque.
859 2530 920 2592 Si
943 2532 1066 2614 quis
1088 2533 1241 2590 enim
1260 2531 1446 2607 ,’dum
1468 2531 1637 2591 Caius
1660 2529 1862 2589 morbo
1881 2545 1905 2605 ‚·

272 2601 280 2612 ’
369 2628 432 2672 ut
465 2609 672 2669 diaum
705 2611 782 2672 est
805 2607 862 2670 su
907 2607 965 2669 ra
990 2609 1138 2690 Cap.
1178 2633 1245 2680 19
1268 2659 1285 2686 ‚
1320 2611 1621 2685 laboravit,
1654 2611 1900 2748 alipuem
1962 2679 1969 2690 .

370 2691 627 2754 convivio
673 2693 865 2772 excepi
910 2709 963 2750 et
985 2735 1002 2764 ,
1045 2709 1139 2750 aut
1189 2687 1452 2750 salutasset
1478 2737 1495 2765 ,
1538 2708 1632 2748 aut
1658 2691 1719 2770 ip
1744 2709 1774 2746 e
1804 2688 1895 2746 la·-

363 2768 553 2845 viffet‚
586 2768 644 2830 id
670 2769 894 2832 crimini
918 2769 1162 2832 dabatur.
1213 2770 1330 2829 Dio
1367 2787 1477 2829 ux
1502 2814 1519 2842 ,
1552 2789 1690 2850 pag.
1715 2771 1853 2838 648.

445 2925 597 2988 Cn.
650 2927 906 2989 XXXII.
961 2923 1231 3006 Drufilloe
1280 2922 1484 3004 obitus.
1549 2926 1781 2988 Sueton.
1832 2924 1895 2984 in

365 3001 514 3066 Caio
534 3051 554 3082 ,
594 3005 744 3091 Cap.
770 3031 864 3084 24.
905 3007 1023 3069 Dio
1057 3025 1169 3066 ux
1192 3047 1209 3081 ,
1246 3023 1381 3086 pag.
1412 3007 1547 3075 648.
