2294 3870
537 217 746 300 Lrn.
793 221 962 301 Vn.
1011 243 1611 298 ANNArruM.
1721 233 1859 295 ιη’

309 365 560 448 'eorpus
594 371 718 446 per
761 343 1011 418 milites
1052 340 1551 444 deportabatur.
1601 337 1861 414 Effusus
1889 363 2125 416 a

315 446 735 547 oppidorum
767 443 1051 546 populus
1087 441 1469 517 densisfimo
1512 469 1589 514 ac
1618 440 1861 516 laetiffi-
1888 433 1952 486 Α·
1977 434 2037 482 ⁰·
2060 433 2129 485 0·

317 575 442 618 mo
478 545 754 647 agmine
799 543 1098 644 undique
1141 543 1438 618 adcurrit
1462 600 1486 631 ,
1536 541 1626 617 ad
1667 569 1861 616 novae
1931 527 2085 656 3⁷⁹2:

317 646 812 718 dominationis
837 643 1183 745 obsequia,
1200 645 1411 744 quam
1426 643 1516 718 ad
1538 641 1863 741 funerum
1965 638 2064 762 {⁷-

319 746 681 822 sollemnia
705 803 730 836 ‚
773 747 1084 849 paratior.
1139 747 1304 820 Non
1336 744 1629 820 lacrimis
1654 799 1677 834 ,
1718 771 1867 820 non
2030 755 2041 764 “

321 846 696 950 ploratibus
719 904 742 936 ,
785 845 905 922 sed
933 843 1222 920 confufis
1253 847 1327 920 in
1360 843 1651 922 invisum
1675 847 1871 922 Ptine

321 949 552 1049 cipem
583 947 878 1023 dicteriis
895 1007 918 1038 ‚
949 945 1126 1022 festis
1151 947 1429 1022 vocibus
1456 946 1867 1028 &laudibus

323 1050 486 1122 Caii
516 1046 792 1122 Caesaris
823 1107 846 1138 ‚
891 1049 1183 1151 lugentis
1213 1042 1457 1123 habitu
1486 1046 1687 1122 fimus
1713 1075 1869 1152 pro·-

320 1147 668 1250 sequentis
689 1207 710 1238 ‚
764 1151 998 1224 omnia
1049 1148 1431 1252 personant.
1492 1148 1641 1253 lpse
1680 1150 1867 1226 ince-

325 1250 499 1324 dens
547 1250 725 1324 inter
779 1250 1012 1326 altaria
1057 1262 1128 1327 &
1171 1252 1479 1326 victimas
1531 1248 1867 1351 taedasque

325 1349 640 1424 ardentes
665 1361 735 1426 &
761 1349 986 1426 feralis
1015 1379 1281 1454 pompae
1309 1351 1679 1426 ministeria·
1702 1407 1725 1439 ,
1768 1350 1869 1424 sui

325 1449 514 1524 fama
541 1449 782 1525 fruitur
804 1509 827 1542 ,
861 1463 934 1532 δε,
955 1454 1028 1526 in
1055 1481 1259 1528 avum
1285 1451 1601 1534 convicia
1626 1451 1873 1552 majori

325 1553 642 1626 maestitiae
674 1581 749 1626 ac
781 1554 1048 1654 pietatis
1077 1553 1297 1656 specie
1325 1554 1592 1628 invitat.

319 1677 324 1684 ·
425 1654 550 1727 1V.
591 1655 912 1727 Unum
966 1660 1175 1728 noctu
1222 1656 1297 1728 in
1346 1653 1548 1730 reffus
1580 1709 1604 1742 ‚
1663 1653 1868 1748 ruane
1978 1726 1981 1737 ,

327 1751 694 1846 Tiberium
712 1812 735 1844 ,
763 1779 1132 1854 antequam
1160 1756 1297 1858 pub
1330 1760 1435 1830 'co
1460 1753 1700 1828 funere
1726 1779 1873 1828 cre-

325 1876 668 1944 maretur,
704 1855 1010 1956 plurimis
1037 1857 1331 1931 lacrimis
1352 1912 1375 1947 ,
1414 1855 1703 1930 modicis
1729 1853 1875 1928 lau-

325 1935 532 2027 dibus
587 1954 950 2029 celebravit
987 2014 1010 2046 ,
1063 1985 1315 2059 magna
1376 1956 1464 2031 de
1512 1955 1815 2057 Augusto
1846 2012 1873 2045 ,

325 2054 642 2134 maxima
675 2052 762 2127 de
803 2059 1221 2127 Germanico
1250 2112 1271 2144 ,
1322 2054 1652 2129 nonnulla
1686 2054 1776 2127 de
1804 2054 1873 2129 se

375 2154 745 2227 roloeutus.
814 2155 994 2227 Mox
1047 2182 1209 2228 cum
1262 2154 1561 2255 patribus
1621 2154 1877 2229 curiam

329 2183 588 2349 {ubiit3
643 2281 988 2357 paucaque
1039 2265 1116 2329 &
1170 2254 1473 2327 modesta
1518 2249 1827 2355 praefatus
1852 2310 1881 2345 ‚

331 2354 695 2429 imbellem
747 2354 1118 2429 'coheredis
1192 2380 1463 2429 aetatem
1524 2380 1813 2455 querens
1850 2411 1877 2445 ,

335 2454 544 2553 seque
571 2452 672 2527 illi
705 2456 906 2556 patris
944 2453 1098 2529 loco
1140 2449 1449 2531 futurum
1492 2454 1833 2557 pollicitus
1852 2510 1877 2546 ,

338 2556 770 2657 inrumpente
803 2553 1001 2648 turba
1025 2613 1048 2644 ‚
1091 2546 1725 2657 inritaqueTiberii
1752 2584 1879 2631 vo—
1956 2593 1971 2607 ·-

231 2716 240 2723 ,
339 2654 598 2731 luntate
627 2714 648 2744 ‚
694 2657 1012 2757 Princeps
1043 2658 1361 2730 omnium
1392 2656 1670 2732 vocibus
1702 2654 1881 2729 salu-

342 2782 542 2831 tatur.
601 2758 808 2835 Varia
839 2758 1185 2829 honorum
1213 2758 1496 2839 nomina
1516 2811 1539 2843 ‚
1577 2755 1881 2855 Augusto

344 2857 628 2959 probata
653 2914 675 2947 ‚
722 2888 766 2931 >a
808 2856 1098 2931 Tiberio
1144 2854 1363 2958 spreta
1382 2913 1403 2947 ,
1458 2856 1533 2927 in
1576 2855 1833 2927 Caium
1856 2910 1881 2943 ,

346 2956 668 3057 gliscente
697 2955 960 3061 semper
985 2956 1423 3046 adulatione,
1458 2978 1879 3059 aggerantur.

344 3058 706 3133 Modestia:
759 3061 1053 3133 retinens
1103 3060 1445 3132 incertum
1474 3114 1497 3145 ,
1550 3085 1635 3131 an
1676 3053 1885 3129 fimu-

346 3156 520 3231 lator
549 3218 574 3251 ,
625 3160 862 3233 omnia
889 3158 1142 3237 remifit
1171 3188 1187 3233 ε
1230 3157 1445 3233 studia
1469 3157 1833 3233 hominum
1853 3198 1889 3249 φ
