2294 3870
475 191 506 262 3
531 191 620 262 54
719 167 806 234 IN
861 163 1431 234 §mmmmm
1484 164 1639 234 Lm.
1676 163 1811 236 IX.

475 277 833 356 &ffim’Wem
853 277 1126 358 quotidie,
1163 276 1412 360 utiqueJi
1430 277 1678 340 Cumano
1706 279 2011 360 mifteatur

475 375 762 420 camento.
805 357 946 420 Non
979 357 1236 420 ‘Puteolis
1278 357 1493 420 tannim
1520 405 1538 434 ,
1578 357 1669 420 sed
1706 359 1909 442 paffim
1948 361 2011 420 in
2089 383 2099 388 ·

475 457 617 520 agro
653 436 912 499 Romano
947 441 1187 500 occurrit
1217 439 1315 500 illa
1348 459 1537 498 arena.
1861 516 1863 518 v

555 515 806 593 Pharus,
823 515 1205 578 Alexandrini
1216 518 1466 582 oemulus'.
1476 519 1712 579 'Suetom
1724 520 1783 578 in
1804 515 2015 578 Claud.

481 595 632 678 Cap.
655 619 744 657 20.
777 597 968 658 Locus
989 644 1006 673 ‚
1035 600 1129 658 ubi
1158 597 1260 658 fuit
1289 597 1649 660 Alexandria:
1670 601 1730 658 in
1753 596 2017 680 AEgypto

482 675 708 751 Pharus,
723 677 905 738 adhuc
920 697 1147 739 vocatur
1160 675 1331 739 Torre
1351 677 1697 761 Aleffizndrin
1704 698 1759 736 a.
1778 675 2018 755 Quanta

481 755 642 814 filerit
666 773 785 815 turn
810 757 1078 818 Ostiensis
1099 805 1115 831 ,
1157 777 1274 818 tum
1306 757 1673 818 Alexandrini
1692 757 1860 837 phari
1884 776 2019 815 ma-

550 916 614 973 'ae
643 915 825 995 pharo
858 915 1020 978 fuerit
1045 920 1205 978 turris
1226 965 1243 993 ‚
1318 939 1399 977 uae
1424 918 1662 978 constitit
1680 916 2024 997 octingentis

485 994 704 1054 talentis
721 1042 738 1069 ‚
777 994 1020 1058 Gallicoe
1039 1015 1272 1059 monetoe
1316 997 1453 1058 ibris
1468 1044 1487 1074 ,
1508 999 1738 1075 4‚183,2
1748 1017 1825 1055 00
1849 1041 1869 1070 ,
1888 995 2025 1055 teste

485 1071 677 1133 Plinio
701 1073 1013 1151 XXXVI,
1055 1099 1146 1137 12.

569 1151 1018 1217 Memorandum.
1053 1157 1369 1237 Spestaculi
1394 1153 1674 1215 historiam
1701 1171 1889 1214 narrat
1906 1152 2026 1214 Pli-

493 1234 618 1292 nius
641 1231 731 1292 IX
753 1279 770 1308 ,
797 1243 832 1292 6
854 1282 871 1310 ‚
907 1238 1048 1296 testis
1074 1235 1190 1318 ipse
1212 1238 1479 1296 oculatus.
1512 1235 1665 1294 Orca
1689 1231 1751 1294 ὓ·
1782 1235 1839 1294 ἰη
1860 1250 2027 1309 portu

499 1310 736 1457 &stica—li
766 1314 885 1394 visa
911 1315 984 1398 esi
1005 1363 1026 1392 ,
1055 1313 1380 1398 'oppugnata
1413 1335 1451 1374 a
1475 1311 1708 1375 Claudio
1732 1311 2026 1387 Principe.

561 1409 756 1472 energzt
795 1410 928 1468 tunc
969 1393 1358 1475 exaedificante
1384 1414 1445 1454 eo
1478 1410 1735 1470 portum,
1779 1391 2029 1450 invitata

501 1469 824 1552 naufragiis
878 1491 1151 1555 tergorum
1200 1473 1541 1534 adveEIorum
1587 1493 1617 1532 e
1651 1469 1848 1531 Gallia
1880 1515 1897 1544 ,
1923 1471 2030 1549 fiz-

501 1549 748 1630 tianfilue
769 1551 838 1630 se
870 1571 972 1628 per
1009 1552 1309 1626 complures
1340 1551 1461 1613 dies
1482 1597 1503 1625 ‚
1547 1549 1765 1610 alveum
1793 1550 1854 1610 in
1887 1547 2029 1611 vado

481 1627 850 1711 Jitlcaverat,
885 1627 1234 1688 accumulata
1250 1626 1521 1710 fluffibus
1556 1627 1617 1687 in
1661 1644 1893 1688 tantum
1913 1672 1932 1702 ,
1970 1645 2033 1692 ut

503 1706 806 1786 circumagi
844 1705 996 1767 nullo
1039 1705 1193 1766 modo
1228 1707 1390 1846 Jffiffet
1418 1732 1437 1767 .·
1486 1703 1549 1766 fa*
1598 1703 1724 1766 dum
1754 1707 2028 1790 saginam

493 1785 827 1864 persequitur
849 1831 870 1860 ‚
909 1785 968 1846 in
1004 1784 1139 1846 litus
1145 1785 1237 1868 flu
1291 1785 1414 1846 zbus
1441 1782 1726 1866 propulflz,
1768 1787 2035 1850 emineret

501 1861 650 1944 dorst)
685 1862 910 1924 multam
938 1866 1114 1947 supra
1154 1886 1331 1947 aquas
1362 1864 1575 1926 carinoe
1619 1865 1741 1926 vice
1777 1865 2033 1947 inverfoe.

503 1943 957 2027 Praetendijuffit
979 1944 1169 2027 Caesar
1184 1946 1391 2029 plagas
1416 1944 1741 2023 multiplices
1759 1944 1912 2006 inter
1935 1966 2037 2009 ora

499 2022 696 2103 fortiis
723 2048 742 2084 .-
779 2024 1138 2108 profhelusque
1176 2028 1283 2110 ipse
1315 2045 1435 2088 cum
1455 2024 1813 2102 proetorianis
1836 2024 2038 2087 cobor-

500 2102 656 2165 tibus
668 2104 866 2181 populo
885 2105 1133 2168 Romano
1140 2106 1509 2187 fitefiaculum
1520 2104 1783 2181 praebuit,
1803 2104 2037 2167 lanceas

506 2202 837 2267 congerente
857 2185 1030 2246 milite
1048 2208 1077 2247 e
1097 2187 1346 2270 navigiis
1366 2184 1752 2267 affultantibus
1765 2230 1783 2260 ‚
1810 2204 2033 2265 quorum

511 2284 680 2324 unum
723 2264 901 2343 mergi
948 2264 1189 2326 vidimus
1212 2308 1243 2333 ,A
1274 2266 1472 2345 reflatu
1518 2262 1711 2325 belluoe
1766 2262 2033 2341 oppletum

513 2341 682 2401 ιιηᾱά.
723 2343 1039 2422 Imperante
1058 2346 1330 2422 Septimio
1356 2343 1565 2403 Severo
1592 2390 1609 2418 ,
1640 2362 1784 2403 cetus
1808 2362 2035 2423 portum

509 2423 669 2481 illum
694 2420 873 2479 adhuc
906 2422 1159 2501 appulit3
1201 2440 1363 2482 tantae
1390 2440 1575 2481 autem
1599 2444 1691 2482 ma
1734 2422 1993 2483 nitudinis
2013 2470 2031 2499 ,

511 2518 572 2560 ut
593 2502 708 2575 ejus
728 2498 940 2580 effigies
961 2502 1023 2559 in
1047 2500 1515 2581 amphitheatrum
1530 2504 1675 2562 intro
1714 2504 1858 2575 usta,
1882 2506 2037 2585 quin-

514 2600 625 2661 qua
667 2580 784 2638 inta
801 2576 954 2639 ursos
975 2600 1041 2640 ca
1085 2599 1201 2641 eret
1215 2628 1232 2655 ‚
1258 2583 1386 2641 teste
1404 2582 1596 2643 Dione
1614 2600 1817 2654 mxxv,
1828 2602 1890 2659 p.
1906 2588 1971 2655 85
1986 2588 2038 2642 8.

603 2725 608 2731 d
660 2676 778 2717 νεα.
797 2654 1014 2719 Orcam
1087 2659 1552 2721 allicedicimusla
1564 2657 2041 2722 Baleineddents.

521 2736 780 2799 Eruditus
821 2737 1032 2815 Shaw,
1068 2739 1155 2804 Vo
1193 2760 1360 2821 ages,
1401 2739 1575 2799 Tom-
1615 2740 1687 2812 Ι,
1730 2758 1867 2821 pag.
1898 2759 2040 2819 335,

523 2835 800 2879 memorat
842 2839 1031 2878 orcam
1052 2865 1069 2892 ,
1133 2820 1391 2903 eitaginta
1427 2818 1601 2899 pedes
1631 2819 1867 2899 longam
1891 2866 1908 2894 ,
1949 2817 2043 2879 sub

520 2918 712 2957 mutos
743 2896 888 2956 urbis
914 2896 1091 2979 Alget·
1117 2918 1245 2977 ante
1276 2900 1489 2981 aliquot
1515 2917 1693 2956 annos
1718 2898 2043 2976 projectam.

521 2974 701 3053 Quod
721 2975 1035 3071 Algerianis
1053 2980 1130 3037 ita
1150 2974 1529 3057 portentosum
1552 2972 1724 3036 visum
1749 2978 1827 3035 est
1845 3022 1862 3049 ,
1892 2996 1953 3039 ut
1975 2998 2047 3043 ne

516 3056 656 3143 quid
683 3058 832 3121 exitis
857 3076 1032 3144 regno
1059 3054 1156 3121 suo
1184 3058 1497 3123 immineret
1516 3100 1536 3135 ,
1568 3072 1885 3121 metuerent.

525 833 806 896 nificentia
838 837 972 897 inde
1003 839 1267 898 aestimare
1294 837 1457 912 licet,
1496 834 1649 921 qubd
1676 839 1735 896 in
1755 828 2022 895 Alex'an-
2134 903 2141 909 ,
