2294 3870
482 251 612 314 122
761 221 1685 298 .SUPPLEMENTUM

205 369 440 420 Ε
469 373 680 447 quem
706 342 1022 416 nondum
1047 340 1352 416 libidinis
1387 343 1666 417 firmum
1698 343 2014 440 rebaturj

203 443 268 496 A·
291 447 350 494 υ·
375 444 440 493 C·
465 445 880 522 idemtidem
905 444 1765 520 memorabatoevirtutibus
1786 464 2007 549 partos

247 545 385 675 Ξξὲ·
462 547 750 652 »populi
797 571 1061 619 amores
1098 602 1121 635 ,
1180 547 1491 648 proxima
1535 548 1717 620 vitiis
1762 550 2003 626 odia».

268 718 370 778 3⁷·
463 653 671 727 Caius
732 647 1154 722 monitorem
1187 703 1211 740 ‚
1262 672 1423 722 tunc
1474 647 1947 750 importunum
1980 707 2005 744 ,

459 763 530 828 &
556 811 579 843 ‚
626 750 678 823 fi
727 748 980 824 diutius
1027 748 1288 825 viveret
1316 807 1339 840 ,
1378 774 1672 849 'grave-m
1701 808 1724 840 ‚
1776 753 1997 852 primo

386 852 390 857 ’
453 849 968 939 contumeliis,
1045 848 1299 926 deinde
1372 847 1729 924 calumniis
1791 851 1999 926 laces«—

450 955 594 1050 s1t3
635 952 930 1056 cumque
987 949 1028 1028 J
1033 949 1252 1024 ulium
1308 951 1695 1026 Graecinum
1738 953 1827 1024 ad
1870 954 1997 1030 viri

448 1055 703 1159 optimi
733 1049 1231 1126 accusationem
1258 1051 1543 1127 incitare
1573 1081 1713 1126 non
1746 1052 1995 1154 poffet,

448 1155 589 1258 ipse
617 1151 912 1229 causatus
930 1210 951 1242 ,
976 1185 1019 1215 nc
1039 1151 1227 1252 quod
1252 1153 1511 1226 Silanus
1536 1152 1995 1256 ingressumse

446 1256 834 1333 „turbatius
894 1280 1080 1328 mare
1135 1281 1280 1326 non
1326 1252 1487 1330 effet
1544 1253 1804 1329 secutus
1838 1312 1861 1344 ‚
1920 1281 1995 1335 ut

447 1356 562 1437 anfi,
596 1356 764 1456 quid
806 1353 930 1427 fibi
974 1381 1093 1456 per
1138 1357 1563 1456 tempestates
1606 1357 1945 1430 accideret
1966 1413 1991 1447 ,

447 1459 774 1531 „Urbem
843 1479 1266 1554 occuparet»
1296 1511 1318 1543 ,
1380 1482 1539 1528 eum
1599 1455 1686 1527 ad
1744 1484 1995 1533 necem

447 1554 894 1652 secandasque
949 1551 1279 1625 novacula
1342 1551 1567 1629 fauces
1634 1557 1991 1656 compulit.

447 1659 628 1733 Mox
669 1655 940 1728 Liviam
978 1651 1421 1742 Orestillam,⁴
1466 1654 1846 1754 Calpurnio
1879 1658 1997 1729 Pi-

347 1781 355 1786 ·
447 1756 598 1831 soni
624 1762 951 1856 nuptam,
995 1779 1279 1840 uxorem
1312 1756 1531 1856 cepit3
1580 1766 1653 1826 &
1677 1758 1995 1856 proximo

447 1857 563 1932 die
603 1855 814 1930 edixit
851 1889 894 1919 α
915 1855 1437 1930 matrimonium
1478 1853 1603 1927 fibi
1642 1880 1991 1957 repertum

443 1956 816 2059 „exemplo
854 1956 1139 2031 Romuli
1182 1966 1253 2030 δε
1283 1949 1565 2055 Augusti
1588 1990 1630 2019 ιο
1662 1985 1679 2027 :
1734 1957 1989 2033 deinde

447 2061 628 2139 intra
665 2082 910 2159 paucos
941 2056 1086 2128 dies
1124 2082 1277 2138 eam
1313 2054 1713 2155 repudiavit.

542 2160 815 2234 XXIV.
860 2157 974 2230 An
999 2155 1136 2227 haec
1161 2154 1447 2254 populus
1472 2158 1769 2256 stupere:
1812 2156 1985 2234 nihil

446 2261 685 2360 queti3
716 2260 789 2332 in
809 2279 1111 2329 recentes
1139 2254 1358 2327 adhuc
1388 2256 1668 2334 virtutes
1690 2255 1981 2351 defixus,

445 2357 912 2435 &severitatis
945 2351 1163 2441 causas
1192 2354 1449 2456 fingere
1477 2358 1737 2459 potitis,
1770 2358 1983 2455 quam

443 2483 790 2533 mutatum
852 2455 1239 2557 Principem
1309 2457 1585 2533 credere
1625 2514 1649 2547 ‚
1718 2456 1980 2536 docilis.

444 2558 670 2633 Caesar
705 2555 844 2661 ipse
873 2614 894 2647 ‚
953 2556 1269 2630 nondum
1314 2582 1504 2631 atrox
1524 2618 1548 2649 ,
1599 2585 1726 2629 nec
1762 2558 1981 2638 incal-

442 2660 620 2737 lidus
645 2717 676 2751 ‚,
746 2658 1216 2733 deficientibus
1276 2662 1513 2733 ceteris
1568 2658 1984 2751 virtutibus,

441 2759 963 2866 popularitatem
991 2788 1068 2831 ac
1097 2759 1573 2834 liberalitatem
1602 2759 1937 2833 retinebat
1958 2792 1979 2833 ε

425 2876 518 2939 1&
544 2922 565 2953 ,
612 2884 688 2936 ut
726 2859 792 2934 se
825 2859 1152 2933 libertatis
1181 2860 1663 2959 hilaritatisque
1695 2860 1983 2963 publicae

438 2963 792 3038 vindicem
827 2964 1185 3034 ostentaret
1213 3010 1255 3048 ,-
1294 2959 1481 3032 diem
1517 3018 1538 3048 ‚
1592 2986 1802 3059 quem
1856 2990 1983 3063 ap,-

442 3063 722 3163 pellavit
753 3066 1124 3139 Iuvenalem
1154 3118 1175 3148 ‚
1220 3060 1673 3133 Saturnalibus
1703 3063 1777 3132 in
1821 3088 1983 3161 per-

439 3187 724 3273 petuum
778 3161 1042 3264 adjecit,
1133 3158 1335 3241 Olim
1372 3218 1397 3255 ‚
1456 3159 1681 3240 uivida
1744 3160 1976 3261 adhue
