2294 3870
498 201 700 278 Lu.
752 201 918 283 vn.
963 223 1569 280 Auxanum.
1682 215 1827 304 113·

267 319 472 402 nibus
490 321 927 400 sacramentis
942 323 1341 426 adjiceretur
1352 383 1375 416 ,
1402 357 1447 390 «ε
1458 351 1683 426 neque
1700 352 1817 401 me
1848 347 2077 396 ³3-

267 463 310 496 2
343 422 734 525 liberosque
759 453 948 500 meos
967 426 1255 502 cariores
1278 427 1503 501 habeo
1528 482 1577 516 ‚.
1606 426 1817 526 quam
1841 413 1903 463 A.
1928 415 1989 462 υ·
2014 413 2083 465 C·

170 613 176 618 ,
275 528 538 612 Caium
573 535 646 606 &
697 523 952 600 sorores
979 535 1120 626 ejus
1147 563 1191 596 ω
1225 559 1242 600 ε
1272 525 1629 614 consulum
1658 529 1821 606 verb
1886 509 2037 640 {⁹⁰0⁶-

277 625 726 700 relationibus
747 683 771 716 ,
817 659 859 692 ot
886 626 1076 726 quod
1111 629 1373 704 bonum
1406 626 1705 728 felixque
1740 627 1821 702 fit
1918 619 2022 745 ⁰3⁷·

276 729 426 841 „Q
483 722 729 830 Caesari
790 722 1263 829 sororibusque
1330 738 1471 830 ejus
1488 765 1533 798 ao
1562 785 1587 818 ‚
1661 755 1827 832 prae-

279 849 690 902 nutteretur.
1544 884 1557 890 -

311 963 318 973 ·
400 926 562 1000 VII.
589 921 772 999 Hac
805 924 1080 1028 imperii
1104 924 1520 1029 primordia,
1564 926 1829 1004 bonum

282 1026 469 1102 inter
485 1055 561 1099 ac
583 1025 847 1099 malum
869 1026 1191 1129 ambigua
1206 1082 1229 1117 ,
1254 1037 1328 1102 &
1350 1028 1831 1132 principalibus

285 1129 465 1199 curis
513 1127 784 1200 minora
800 1182 824 1215 ‚
857 1127 1138 1228 populus
1160 1185 1183 1217 ‚
1218 1128 1550 1204 virtutum
1597 1129 1779 1204 rudis
1804 1186 1829 1219 ,

285 1225 616 1301 admirari
632 1285 656 1316 ,
690 1251 1044 1327 tamquam
1075 1225 1419 1326 felicitatis
1450 1229 1687 1304 omina
1714 1255 1833 1304 ex·-

289 1325 578 1416 tollere,
603 1327 732 1400 diis
763 1352 984 1428 grates
1012 1353 1212 1428 agere
1240 1352 1385 1402 tarn
1406 1329 1781 1402 immodice
1810 1385 1833 1418 ,

287 1452 372 1500 ut
417 1426 624 1501 tribus
647 1427 975 1530 proximis
1017 1427 1359 1502 menfibus
1387 1482 1410 1517 ,
1453 1455 1527 1500 ac
1556 1454 1645 1503 ne
1678 1429 1842 1504 totis

289 1526 583 1627 quidem
607 1585 628 1616 ‚
674 1524 866 1629 supra
899 1552 1179 1601 centum
1227 1525 1567 1630 sexaginta
1616 1527 1837 1602 millia

294 1628 730 1710 vistimarum
749 1627 1136 1707 ceciderint.
1155 1628 1377 1702 Caesar
1395 1685 1419 1718 ,
1452 1625 1645 1700 infita
1666 1625 1831 1702 levi-

229 1771 234 1774 ·
299 1753 477 1816 rate,
501 1737 575 1802 δε
604 1725 1030 1802 adulantium
1061 1726 1417 1802 lenociniis
1443 1755 1653 1802 vanus
1672 1783 1695 1817 ‚
1728 1729 1839 1802 in·-

169 1860 180 1868 ·
294 1827 372 1902 su
458 1828 761 1930 ropibus
784 1857 824 1900 a
853 1826 1142 1902 Tiberio
1170 1828 1489 1904 acervatis
1519 1854 1789 1902 tumens
1810 1884 1837 1918 ,

293 1855 619 2003 adpie'olita
645 1938 969 2028 juvenum
996 1928 1388 2043 Princissum
1415 1928 1581 2001 vitia
1610 1926 1839 2003 diver-

198 2034 206 2041 ’
295 2054 484 2105 tere:
515 2048 702 2101 nova
729 2023 1007 2097 sectari:
1047 2025 1401 2127 superioris
1433 2027 1841 2127 principatiis

299 2156 492 2228 aequa
515 2136 593 2201 δε
622 2126 864 2223 iniqua
947 2122 1149 2196 ariter
1185 2123 1583 2198 immutare:
1612 2124 1843 2199 laudes

301 2226 528 2333 potitis
553 2250 586 2314 ,·
621 2224 834 2325 quam
909 2222 1411 2320 ominationem
1438 2225 1769 2325 aucupari.

317 2374 326 2379 -
404 2328 604 2403 VIII.
635 2325 706 2399 N
707 2350 858 2396 nm.
871 2331 1018 2425 jam
1039 2323 1325 2424 pristina:
1346 2322 1714 2399 severitatis
1732 2352 1841 2400 re·-

294 2421 626 2525 liquam..
657 2424 995 2499 Damnati
1039 2423 1455 2527 relegatique
1506 2424 1651 2499 ullo
1699 2423 1842 2500 sine

241 2601 248 2607 ,
307 2524 697 2600 discrimine
725 2525 1173 2600 restituuntur.
1216 2526 1615 2601 Criminum
1636 2584 1659 2615 ,
1690 2522 1841 2627 quae

311 2654 396 2701 ex
413 2626 631 2728 priore
655 2650 962 2727 tempore
982 2622 1313 2739 superant,
1336 2628 1621 2727 gratiam
1638 2623 1801 2701 facit
1822 2657 1841 2699 z

310 2753 402 2803 ne
431 2726 950 2801 domesticarum
971 2722 1259 2823 quidem
1282 2724 1679 2823 injuriarum
1699 2753 1847 2799 me-

309 2852 470 2900 mot
490 2881 513 2916 ,
543 2824 1070 2901 commentarios
1092 2823 1184 2897 ad
1208 2824 1439 2899 matris
1459 2835 1532 2899 δε
1555 2822 1845 2901 fratrum

313 2922 534 3001 ca'usas
566 2927 977 3027 pertinentes
999 2982 1026 3017 ‚
1072 2929 1431 2999 convedtos
1461 2924 1535 2997 in
1562 2922 1791 3001 forum
1812 2944 1851 3017 ‚‘

255 3086 264 3095 .
317 3025 679 3101 obtestatus
712 3026 874 3102 deos
895 3082 918 3117 ,
971 3058 1014 3091 σε
1031 3052 1258 3125 neque
1300 3022 1529 3126 legiss'e
1551 3079 1574 3114 ,
1618 3051 1841 3199 ¹¹⁶}oe

315 3124 660 3231 ‚attigiffe
693 3128 1072 3230 quidquam
1091 3160 1171 3223 a,
1213 3148 1643 3229 concremat:
1758 3124 1849 3218 iti,
