2294 3870
497 243 604 331 ζμ·
844 236 1688 310 sonum-nurum

136 339 146 344 -
237 379 476 434 Q
501 380 791 457 quatuor
841 353 1130 457 collegia
1177 353 1605 456 sacerdotum
1660 367 1733 434 &
1774 351 2047 434 sodase3

239 453 309 515 Α·
330 459 392 509 U·
417 457 478 508 C·
502 455 949 556 »Augustales
1011 456 1389 546 ederent»,
1437 457 1798 548 decrevere
1834 488 1853 530 ι
1912 459 2041 534 de-

296 540 430 602 784·

287 632 341 684 J.
378 629 440 678 e.

308 721 418 782 31·

501 586 698 632 mum
757 581 834 630 ut
887 555 1261 658 respublica
1306 556 1473 630 aufis
1518 559 2041 660 impudentibus

497 657 683 734 haud
746 657 922 731 ultra
981 683 1241 759 pateret
1286 715 1308 747 ‚
1373 691 1415 722 α
1438 685 1528 732 ne
1577 660 1727 758 quis
1776 661 1851 733 in
1896 659 2047 762 pos-

497 751 777 833 :sterum
820 758 912 831 ad
953 760 1203 832 nimios
1249 759 1539 832 honores
1586 761 1989 834 eveheretur
2023 790 2049 858 3

497 874 690 934 iuneu
733 887 852 962 pet
899 887 1322 961 quemquam
1364 859 1575 932 alium
1603 916 1625 949 ‚
1676 860 1884 960 quam
1918 889 2051 962 per

499 965 1054 1062 :ulmperatorem
1099 1015 1123 1050 ,
1178 971 1507 1062 juraretur
1546 993 1588 1026 ω
1625 1016 1648 1049 ,
1718 959 2051 1036 sanxere:

504 1061 678 1136 olim
707 1061 1112 1136 adulationis
1135 1117 1160 1150 ,
1201 1089 1381 1136 nunc
1412 1059 1759 1163 opprobrii
1794 1062 2056 1137 immo-

509 1163 670 1236 dici.

603 1265 758 1338 XL.
771 1265 1098 1335 lunam
1111 1258 1353 1336 diverfi
1362 1261 1570 1335 Urbis'
1590 1259 1810 1335 sensus
1833 1293 1849 1334 ε
1872 1262 2009 1335 laeti
2026 1321 2053 1354 ,

513 1365 930 1464 quicumque
955 1392 997 1436 a
1019 1367 1261 1463 Sejano
1280 1419 1302 1451 ,
1324 1361 1437 1435 vel
1460 1362 1703 1464 injuria
1730 1362 2001 1436 lacessiti
2025 1421 2051 1454 ‚

513 1465 628 1539 vel
670 1467 742 1538 in
782 1463 1126 1538 beneficiis
1166 1462 1381 1535 omifli
1414 1518 1436 1551 ‚
1488 1462 1599 1536 vel
1626 1461 1911 1536 fortunae
1938 1465 2055 1536 in·-

515 1563 801 1638 solemia
829 1561 1114 1636 offensi:
1166 1564 1374 1635 tristes
1425 1565 1588 1636 vero
1634 1591 1709 1636 ac
1758 1563 2055 1665 trepidi,

512 1663 842 1738 scelerum
893 1659 1055 1734 socii
1081 1720 1103 1750 ,
1159 1660 1689 1763 consanguinei,
1738 1664 1990 1738 adfines
2027 1723 2054 1754 ,

515 1765 740 1838 amici.
764 1766 845 1834 ln
865 1762 986 1834 hac
1015 1765 1226 1836 etiam
1250 1788 1478 1835 rerum
1504 1765 2009 1866 perturbatione
2029 1822 2057 1858 ‚

512 1864 672 1943 licet
686 1863 893 1937 Urbis
907 1864 1206 1937 custodia
1228 1864 1715 1964 magistratibus
1731 1864 2057 1941 omnibus

515 1994 557 2040 a
581 1965 869 2039 Tiberio
893 1962 1118 2041 fuisset
1142 1964 1556 2041 demandata
1580 2024 1601 2056 ‚
1645 1966 2059 2041 tumultuan-

518 2092 631 2141 tur
670 2066 1097 2168 praetoriani,
1147 2066 1489 2169 indignati
1522 2066 1644 2142 fibi
1670 2067 1807 2141 fide
1833 2077 1905 2142 δε
1920 2062 2061 2141 ὀἱν-

517 2166 852 2243 servantia
872 2169 944 2241 in
963 2168 1349 2268 Principem
1366 2168 1629 2263 Vigiles
1647 2164 1841 2240 fuiffe
1868 2193 2061 2243 ante·-

524 2268 842 2359 habitos3
884 2267 1201 2337 incendia
1223 2319 1246 2350 ,
1286 2264 1698 2361 direptiones
1726 2266 2064 2359 miscent·,

517 2367 692 2437 dum
779 2362 1017 2461 opulus
1053 2364 1126 2432 in
1165 2360 1526 2463 praecipuos
1552 2360 1912 2459 Sejanianae
1948 2369 2069 2440 sae-

523 2462 699 2537 vitiae
752 2459 1040 2537 atellites
1063 2459 1395 2561 inrumpit
1418 2515 1440 2549 ‚
1488 2471 1561 2535 &
1604 2456 2067 2563 plurimorum

521 2586 750 2637 morte
773 2584 1003 2637 vetera
1032 2561 1291 2637 damna
1320 2559 1677 2637 ulciscitur.
1914 2596 1921 2603 ·

624 2664 819 2740 XLI.
841 2668 1147 2739 pamm
1172 2664 1459 2740 demum
1482 2662 1675 2739 Urbe
1692 2722 1715 2755 ‚
1746 2664 1835 2741 de
1859 2669 2061 2744 Ptin-⁴

523 2768 697 2879 'cipis
741 2766 1112 2843 honoribus
1143 2824 1166 2857 ‚
1218 2762 1699 2864 Macronisque
1740 2777 1813 2841 &
1848 2773 2069 2843 Laco-

527 2878 636 2952 nis
677 2870 964 2973 praemiis
1009 2869 1301 2943 relatum
1340 2896 1359 2938 :
1411 2862 1899 2967 decretumque
1926 2904 1965 2935 α
1986 2894 2063 2945 ut

523 2970 807 3051 „Caesar
856 2992 1044 3071 pater
1085 2969 1313 3069 patriae
1361 2962 1855 3066 appellaretur3
1914 2969 2064 3045 dies

525 3086 730 3176 noejus
769 3068 1010 3146 natalis
1035 3066 1280 3141 decem
1318 3088 1651 3164 equorum
1680 3069 2066 3143 certamini-

513 3192 578 3265 ’ξ
589 3178 715 3275 bus
743 3184 816 3253 δε
835 3167 1096 3251 senatfis
1111 3168 1315 3276 epulo
1334 3165 1780 3247 celebraretur
1796 3198 1812 3245 z
1830 3168 2071 3253 consui
