2294 3870
485 186 628 277 346
736 178 822 249 ln
875 160 1448 249 Sum’LEMaNTtJM
1499 181 1652 254 Lm.
1698 180 1824 254 IX.
2014 262 2017 265 ,

478 314 667 359 tamen
693 296 833 389 legis
854 293 1040 373 Papiae
1060 292 1318 387 Poppaeae
1340 294 1703 373 subjacebant.
1745 294 2022 359 Conten-

483 376 646 436 debat
680 396 830 434 emm
870 371 1126 434 Tiberius
1166 374 1467 436 infecunda
1500 375 1617 438 haec
1653 381 2023 439 matrimonia
2140 392 2147 399 ·

479 476 601 516 non
640 457 766 514 iniri
793 500 810 528 ,
855 472 916 513 ut
953 453 1110 513 liberi
1151 473 1573 533 progrearentur
1594 504 1612 532 ,
1665 456 1753 518 sed
1793 455 2021 517 tannim

479 555 545 597 ut
573 535 710 616 legis
787 553 917 592 oena
952 535 1227 593 vitaretur.
1270 533 1619 615 Caputistud
1644 536 2019 607 Tiberianum

481 616 712 678 mutavit
736 555 1022 673 glaudius.
1052 613 1281 673 Sueton.
1303 617 1363 673 in
1393 614 1597 675 Claud.
1628 615 1773 697 Cap.
1797 637 1892 694 23.
1948 650 1953 654 ·

555 690 811 769 pupillis.
845 692 1076 754 Sueton.
1097 691 1230 751 ibid.
1262 694 1447 755 Antea
1468 698 1528 754 in
1548 694 1709 755 Urbe
1736 695 2023 777 praetoris,

481 778 546 839 in
562 771 1204 913 firmimiigzupraefigum
1232 791 1583 913 eratbtgtorlis
1614 776 1839 914 pgplitssis
1864 773 2022 833 dare.

619 872 770 912 erum
809 871 843 911 a
933 872 1008 912 m.
1101 871 1289 911 ueton.
1324 876 1343 911 1
1383 876 1402 912 1
1442 895 1457 911 .
1612 876 1645 913 u
1776 872 2021 913 omanos

479 952 568 993 res
589 932 708 991 aliae
728 952 830 1011 pet
849 931 1091 991 hiemem
1109 977 1126 1005 ,
1158 932 1279 992 aliae
1304 952 1407 1013 per
1430 876 1664 1002 aestatgrn,
1688 932 2018 1015 agebantur.

480 1011 922 1073 Molestiffimum
987 1010 1136 1071 hunc
1197 1014 1749 1093 comperendinatum
1809 1011 2020 1071 sustulit

479 1090 773 1153 Claudius.
820 1090 1017 1151 Postea
1051 1090 1327 1151 restituisse
1368 1091 1579 1154 videtur
1610 1091 1795 1152 Galba
1815 1138 1833 1167 ,
1880 1094 2017 1151 teste

481 1172 755 1233 Suetonio
798 1173 860 1229 in
901 1168 1086 1230 Galba
1111 1217 1129 1245 ,
1178 1170 1325 1250 Cap.
1373 1192 1461 1243 14.
1525 1170 1727 1231 Mentis
1769 1171 2022 1251 providit

481 1248 570 1311 M.
586 1251 906 1310 Antoninus
921 1296 938 1325 ,
971 1248 1241 1334 quifastis
1264 1248 1383 1310 dies
1400 1248 1734 1329 judiciarios
1754 1246 2016 1327 addidit,

479 1330 568 1394 ita
591 1348 651 1391 ut
678 1336 940 1391 ducentos
961 1331 1199 1412 triginta
1220 1328 1339 1390 dies
1360 1349 1576 1392 annuos
1602 1330 1763 1391 rebus
1781 1330 2019 1414 agendis

481 1408 773 1491 litibusque
795 1408 1155 1490 disceptandis
1186 1410 1551 1471 constitueret.
1568 1410 1683 1477 Jul.
1703 1410 2015 1492 Capitolio.

484 1494 547 1555 in
584 1489 669 1549 M.
696 1489 970 1550 Antonin.
1003 1490 1153 1567 Cap.
1192 1508 1281 1548 10.
1392 1510 1412 1519 ⁷

565 1567 706 1629 Tres
735 1568 1027 1643 proetorios
1064 1568 1233 1628 viros.
1273 1568 1399 1628 Dio
1426 1588 1509 1628 nt
1532 1616 1549 1643 ,
1585 1590 1721 1651 pag.
1760 1579 1892 1640 671.

495 1721 497 1723 ·
563 1647 656 1705 Au
698 1666 787 1705 ere
801 1644 1234 1709 voluit.Sueton.
1251 1647 1309 1705 in
1329 1647 1691 1729 Claud-Cap.
1709 1668 1805 1723 25.
1824 1647 2015 1709 Sacra

479 1667 767 1806 ΕΖειςΙιξιὶα
794 1723 963 1785 etiam
989 1723 1295 1800 transftrre
1326 1746 1396 1786 ex
1431 1727 1629 1789 Attica
1654 1726 1885 1789 Romam
1916 1745 2016 1786 co-

474 1802 1827 1950 Kffiiff’xrffissffissnbffaffffiuJassiiiffiass‘
1842 1806 2015 1946 {3²53

1406 1933 1423 1962 θ
1799 1930 1815 1948 ⁰
1982 1916 2017 1932 ‘²

481 1965 630 2026 {iniis
670 1963 828 2025 sacris
852 2013 869 2040 ,
915 1965 1108 2032 Cereri
1138 1985 1205 2025 ac
1230 1965 1571 2048 Proserpinae
1600 1969 1789 2028 dicatis
1815 2014 1833 2042 ‚
1869 1965 2016 2026 nihil

479 2045 588 2106 fuit
621 2043 1026 2127 apud'Graecos
1051 2044 1371 2106 celebratius
1389 2046 1701 2110 secretiusve
1736 2067 2018 2130 :quorum

480 2126 559 2267 (ἐὺ
615 2143 1002 2208 contemptum
1057 2127 1249 2206 capitis
1298 2126 1585 2188 damnatus
1640 2129 1717 2188 est
1768 2128 2021 2206 optimus
2076 2164 2101 2172 =

529 2224 759 2265 octateS.
1882 2215 1894 2230 '
1924 2225 1929 2228 ·

564 2283 841 2345 Abolevit.
870 2284 1100 2343 Sueton.
1127 2281 1259 2341 ibid.
1300 2282 1442 2340 Haec
1463 2281 1769 2342 inhumana
1802 2281 2017 2343 Gallo-

483 2383 609 2423 rum
648 2362 798 2422 sacra
826 2408 842 2436 ,
886 2356 983 2444 q'ui
1005 2357 1204 2418 affecti
1247 2359 1587 2440 gravioribus
1625 2363 1831 2419 morbis
1860 2407 1877 2434 ,
1920 2362 2021 2421 vel

483 2445 546 2503 in
590 2441 800 2522 proeliis
847 2459 915 2498 ac
955 2439 1213 2576 periculis
1256 2436 1523 2498 versantes
1561 2485 1577 2514 ,
1619 2459 1726 2518 pto
1768 2441 2019 2501 viffimis
2042 2437 2054 2452 '

482 2520 740 2579 homines
783 2519 958 2578 i'mmo
983 2518 1151 2579 abant
1188 2565 1206 2594 ,
1297 2518 1499 2578 Iuribus
1542 2516 1785 2580 recenset
1828 2517 2017 2578 Caesat

487 2599 557 2660 de
581 2598 720 2660 Bell.
741 2595 895 2659 Gall.
917 2597 1004 2661 VI
1025 2646 1041 2674 ,
1086 2617 1177 2672 ις.
1304 2618 1367 2658 ac
1393 2598 1462 2658 de
1491 2619 1549 2658 re
1580 2599 1741 2679 plura
1778 2598 2017 2659 diximus

483 2681 546 2744 in
616 2681 762 2740 riote
787 2678 1030 2740 editione
1057 2677 1233 2743 Tom.
1265 2677 1370 2754 IV,
1396 2700 1471 2758 pa
1513 2720 1529 2737 .
1558 2687 1692 2754 369.

621 2777 889 2840 eteraque.
914 2760 1063 2820 Inter
1081 2757 1198 2820 haec
1218 2759 1279 2817 in
1302 2778 1473 2840 magn
1530 2755 1843 2818 Galliarum
1864 2755 2011 2816 fama

487 2859 606 2901 erat
635 2842 1145 2922 ovumanguinum
1170 2884 1186 2911 ‚
1226 2837 1293 2896 de
1330 2859 1443 2920 quo
1478 2835 1605 2897 etim
1642 2837 1814 2896 multa
1848 2857 2013 2894 com-

485 2917 869 2995 memorasset,
894 2919 1099 2979 addidit
1127 2917 1337 2976 Plinius
1358 2915 1603 2991 XXIX,
1648 2939 1709 2992 3,
1748 2914 1875 2976 setst.
1920 2937 2013 2974 12.

485 2999 628 3062 Vidi
679 2998 918 3082 equidem
965 2997 1026 3060 id
1077 3016 1235 3071 ovum
1290 2995 1424 3056 mali
1474 2993 1769 3060 orbiculati-
1794 2993 2015 3056 *modici

467 3079 876 3164 ,magnitudine
887 3128 910 3164 ,
935 3075 1109 3165 crista
1127 3073 1521 3163 cartilaginis,
1536 3076 1686 3146 velut
1704 3071 2025 3150 acetabulis·
