2294 3870
483 215 688 289 Ltn.
735 211 1483 290 V.ANNA1.115M.
1656 242 1753 308 49

227 327 679 441 angustiasque
707 332 946 407 Isthmi
981 331 1247 408 evadit:
1284 338 1590 436 marique
1616 337 1753 410 alio
1778 363 2011 410 ΞΕ

228 443 395 514 Nico
441 437 617 511 olim
651 493 674 526 ,
729 437 1116 508 Romanam
1190 436 1535 509 coloniam
1568 493 1591 524 ,
1640 438 1753 510 in-
1777 425 2011 478 *⁶⁰⁶0

233 469 519 642 gressiis‘,
553 537 656 610 ibi
694 537 977 610 demum
1018 533 1404 636 cognoscit,
1444 535 1748 612 solertius
1818 521 1863 648 1⁷
1904 523 1969 650 ἒ

229 641 476 713 interro
525 663 754 724 atum,
791 633 1445 734 ecquisnamxforet»,
1473 637 1705 712 dixiffe
1726 695 1749 728 ,
1850 631 1919 751 {¹
1954 629 1971 646 ⁰

227 741 395 814 fleM.
422 668 652 813 Sffano
684 736 995 839 genitum
1014 773 1088 826 n,
1120 747 1191 811 &
1222 738 1451 812 multis
1475 738 1755 815 sectato-

229 869 380 915 rum
394 837 660 940 dilapfis
673 895 696 928 ‚
712 835 1072 912 ascendiffe
1091 865 1341 913 navem
1360 897 1383 928 ,
1404 864 1761 940 tamquam

228 939 498 1016 Italiam
529 963 830 1040 peteret:
858 934 1243 1041 scripsitque
1270 940 1406 1013 haec
1433 941 1755 1016 Tiberio:

231 1069 449 1143 neque
509 1068 634 1112 nos
693 1039 1030 1140 originem
1093 1039 1393 1116 finemve
1454 1051 1595 1142 ejus
1658 1042 1759 1116 rei

233 1143 408 1219 ultra
449 1143 924 1241 comperimus·
1458 1157 1469 1163 ·

330 1246 454 1316 LI.
495 1243 722 1314 Exrru
765 1240 979 1329 anni,
1036 1239 1157 1314 diu
1198 1247 1390 1316 auch,
1430 1241 1765 1315 discordia

230 1340 583 1418 consulum
618 1341 837 1441 erupit
869 1369 886 1410 ι
939 1368 1101 1413 nam
1127 1343 1303 1413 Trio
1330 1399 1353 1430 ,
1404 1339 1619 1414 facilis
1654 1371 1767 1414 ca·-

231 1442 567 1547 peffendis
607 1439 1029 1530 inimicitiis,
1076 1451 1150 1515 δε
1189 1439 1343 1514 foro
1384 1443 1709 1516 exercitus
1740 1471 1801 1530 ‚··

237 1572 380 1619 cut
427 1542 705 1644 segnem
753 1539 1097 1642 Regulum
1145 1541 1232 1614 ad
1280 1542 1767 1643 opprimendos

231 1644 510 1746 ”Sejani
539 1643 868 1715 ministros
885 1655 926 1706 ω’
955 1641 1232 1742 oblique
1265 1643 1762 1743 perstrinxerat:

232 1747 348 1820 ille
374 1803 396 1836 ‚
421 1742 548 1816 nifi
573 1739 1033 1834 lacefferetur,
1060 1743 1399 1816 modestiae
1422 1745 1719 1817 retinens
1740 1797 1765 1830 ,

229 1875 369 1921 non
426 1843 648 1916 modo
707 1841 958 1915 retudit
1011 1842 1347 1946 collegam
1378 1900 1401 1931 ,
1459 1842 1576 1917 sed
1625 1877 1666 1908 ot
1692 1867 1769 1916 ut

227 1948 576 2020 „noxium
635 1942 1108 2041 conjurationis
1131 1980 1173 2009 :o
1224 1944 1314 2017 ad
1367 1944 1771 2043 disquisitio-

231 2077 391 2126 nem
439 2040 790 2118 trahebat.
847 2041 1227 2137 Multisque
1269 2067 1533 2139 patrum
1579 2072 1773 2115 oran-

231 2150 412 2223 tibus
437 2206 459 2236 ,
512 2162 862 2245 ponerent
890 2138 1050 2225 odia
1073 2139 1147 2211 in
1174 2140 1546 2239 perniciem
1567 2141 1779 2227 itura,

235 2246 548 2333 mansere
612 2237 861 2313 infenfi
917 2266 994 2311 ac
1042 2240 1441 2315 minitantes
1468 2298 1493 2333 ,
1553 2240 1777 2317 donec

235 2349 632 2453 magistratu
669 2340 952 2415 abirent.
