2294 3870
0 3 2294 211 Γ-ῇ-

0 214 20 313 l
500 229 642 314 22'6
839 211 1819 317 Surtt'nnrnr-uu'·

0 326 13 393 l
239 395 472 439 ΕΞ
497 357 699 432 caufis
727 367 828 458 jus
863 357 1035 430 illud
1060 359 1171 434 vel
1201 359 1336 463 ipse
1360 361 1709 438 adimebat
1727 422 1750 453 ,
1794 360 1903 439 vel
1933 363 2029 441 ita
2060 366 2069 375 ’

0 440 21 583 ἶ
66 513 72 519 .
240 462 302 510 A.
329 463 389 510 U·
413 461 474 513 C·
500 460 755 560 abjecte
785 457 1175 562 publicabat
1220 487 1354 536 utut
1381 465 1611 538 vitreis
1648 463 1870 538 ftaffls
1906 495 2027 541 ve·-

5 603 26 641 2-
283 548 434 689 3952·-
499 560 765 634 „nale”
794 558 1151 635 diceretur.
1176 564 1449 662 Majore
1468 565 1685 638 adhuc
1709 565 1984 640 licentia
2003 625 2031 658 ,

500 671 571 737 δε
599 661 837 762 quovis
882 661 1101 762 pretio
1139 663 1321 774 apud
1354 661 1791 740 Messalinam
1836 677 1906 741 &
1940 666 2031 740 1}-

497 763 726 836 bertos
750 759 1233 862 prostabat.·Sic
1260 789 1519 838 nomen
1541 824 1564 856 ,
1590 765 1841 865 quanta
1862 791 2029 840 cum

494 863 769 964 imperii
788 859 1078 935 utilitate
1102 918 1122 949 ,
1151 861 1336 935 tanta
1361 864 1570 938 Urbis
1597 865 1799 940 laude
1819 925 1841 956 ,
1869 895 2031 940 cum

489 961 1023 1066 ptaestantissimis
1079 971 1152 1035 &
1212 962 1721 1135 opulentiffimis
1779 992 2034 1040 extera-

487 1091 649 1138 rum
675 1064 1036 1164 regionum
1063 1061 1220 1134 viris
1277 1065 1577 1178 apientet
1596 1093 1634 1139 a
1662 1067 2031 1166 majoribus

488 1164 1080 1238 communicatum
1107 1219 1129 1252 ,
1176 1185 1382 1265 coeplt
1420 1163 1796 1241 evilescere.

589 1265 886 1342 XLVII.
919 1263 989 1337 N
1007 1289 1043 1335 E
1063 1289 1104 1333 c
1143 1260 1511 1339 Messalina
1540 1267 1642 1339 his
1669 1263 2031 1368 praedatio-

367 1384 382 1390 ”
476 1362 690 1439 nibus
725 1387 1091 1459 contenta3
1141 1362 1261 1438 sed
1305 1364 1794 1442 dominationis
1837 1364 2029 1470 cupi-

389 1482 397 1487 '
491 1465 656 1539 dine
684 1522 707 1554 ,
740 1462 874 1565 qua
895 1462 1080 1536 nulla
1103 1462 1177 1537 in
1204 1459 1480 1539 feminis
1504 1467 1715 1540 acrior
1740 1525 1762 1556 ,
1811 1467 2029 1568 magis

487 1563 765 1640 accensa
789 1622 813 1655 ,
863 1566 962 1636 im
1011 1563 1134 1638 etii
1168 1567 1404 1639 munia
1426 1622 1453 1654 ‚
1496 1565 2028 1668 conspirantibus

486 1663 751 1739 libertis
771 1723 794 1755 ,
829 1665 902 1738 in
957 1693 994 1740 e
1023 1665 1285 1738 trahere
1314 1693 1331 1736 ε
1376 1667 1836 1755 exercituum3
1869 1693 2033 1768 pro-

487 1766 869 1840 vinciarum
915 1763 1331 1868 praefeckuras
1371 1766 1665 1840 vendere
1705 1797 1722 1838 ε
1774 1767 1847 1838 in
1883 1766 2032 1840 tota

485 1865 836 1970 republica
899 1891 1040 1941 tam
1089 1863 1541 1942 inclementer
1600 1866 1969 1941 aufflonafi
2002 1924 2027 1959 ,

486 1992 614 2058 ut,
663 1966 826 2042 cum
867 1994 960 2041 ne
1012 1966 1292 2041 emendi
1332 1968 1618 2068 quidem
1669 1966 2029 2070 superesset

487 2064 769 2143 facultas
805 2128 827 2162 ‚
869 2066 1201 2143 Claudius
1236 2068 1567 2171 populum
1596 2070 1669 2142 in
1702 2092 2028 2170 campum
2100 2100 2105 2105 ·

484 2170 830 2245 Martium
875 2197 997 2243 coe
1048 2170 1177 2243 etit
1202 2226 1225 2258 ,
1278 2168 1377 2242 ibi
1430 2197 1513 2245 ue
1544 2196 1771 2244 rerum
1813 2167 2027 2270 pretia

485 2268 823 2364 statuerit3
851 2269 990 2372 pub
1018 2296 1126 2343 ico
1146 2266 1264 2341 suo
1286 2198 1621 2345 degecore
1640 2328 1663 2359 ,
1693 2270 2029 2344 maximo-

484 2397 620 2471 que
656 2370 1024 2443 libidinum
1068 2366 1518 2442 incitamento
1557 2425 1580 2458 ,
1634 2395 1781 2469 quae
1819 2394 2027 2444 num·-

479 2498 691 2571 quam
731 2467 1022 2544 ferocius
1066 2466 1304 2569 vigent
1330 2526 1351 2557 ,
1398 2466 1608 2569 quarn
1649 2468 1808 2543 cum
1848 2468 2023 2544 mol-

369 2572 390 2605 ‘'
479 2569 762 2644 lioribus
803 2568 1126 2643 remediis
1167 2569 1473 2644 inritatae.
1884 2628 1889 2635 .

584 2668 916 2749 XLVIII.
961 2670 1150 2743 Posi·
1193 2664 1562 2744 haec’enim
1604 2668 1809 2771 coepit
1837 2664 2025 2743 Mes-

479 2766 691 2846 salina
742 2768 914 2843 nihil
968 2768 1309 2850 moderati
1356 2771 1654 2866 habete3
1712 2797 1838 2844 nec
1874 2777 2021 2869 jam

481 2868 923 2960 libidinibus,
952 2866 1070 2945 sed
1095 2868 1452 2945 sceleribus
1475 2894 1760 2944 certate:
1788 2870 1861 2943 di
1910 2872 2025 2942 ni·-

479 2996 622 3049 tate
645 2971 734 3049 ad
763 2971 1112 3047 audaciam
1132 2971 1353 3044 abuti:
1422 2970 1774 3043 udicitiam
1791 2972 1881 3072 pu
1930 2968 2019 3043 li·-

483 3098 637 3148 cate
671 3106 688 3147 t
739 3068 1182 3147 nobiliffimos
1223 2999 1523 3171 quogue
1564 3069 1751 3144 vitos·
1785 3094 1860 3141 ac
1906 3066 2019 3143 fe-

477 3173 702 3250 minas
716 3174 819 3275 ,ad
843 3171 1271 3277 voluptatum
1298 3174 1594 3251 monstra
1613 3192 2007 3274 provocaret

309 731 412 792 Β·
