2294 3870
507 149 721 234 Lm.
771 131 1623 254 V'Illrnmgrnrwu.
1719 149 1929 232 178'1‘·

293 270 528 360 solam
557 275 912 352 ‘restitiss‘e.
948 311 950 316 ·
1014 275 1299 351 Cunffls
1359 275 1853 354 demirantibus
1876 306 2115 356 ΞΕ
2167 297 2171 302 “

296 380 479 481 quid
523 378 1187 479 quadringentorum
1232 378 1575 478 remigum
1622 376 1850 453 officio
1872 375 1935 427 A.
1957 379 2019 428 U·
2042 377 2107 430 C·

265 559 272 564 ,
301 478 820 574 intercederet,
850 475 1144 552 exfiliere
1171 480 1291 579 qui
1305 477 1391 550 id
1418 478 1595 550 circa
1618 480 1879 554 navim.
1928 469 2066 522 ⁷⁹⁴·

302 573 694 680 quaererent
735 608 754 650 z
805 579 1125 652 invenere
1178 577 1627 654 echeneidem
1660 636 1683 669 ‚
1730 609 1857 682 gu-
1918 550 2065 696 'gg'

306 680 684 756 bernaculo
731 678 1191 754 adhaerentem
1224 736 1246 768 ,
1286 680 1599 780 Gaioque
1628 683 1855 756 osten-

308 781 586 854 derunt.
645 779 1209 882 Indignationem
1235 831 1260 868 ,
1310 781 1499 880 qubd
1537 808 1698 854 eum
1746 781 1855 857 se-

309 879 672 982 mipedalis
696 878 1050 982 pisciculus
1073 905 1524 954 remoraretur
1537 938 1559 971 ‚
1591 884 1853 986 excepit

307 981 678 1055 admiratio
709 1037 732 1074 ,
781 979 944 1054 cum
970 1038 993 1070 ‚
1039 981 1163 1080 qui
1214 979 1555 1068 adhaerem
1605 982 1702 1054 ita
1749 1008 1855 1057 te-

259 1159 264 1164 ,
306 1078 554 1156 nuiffet
579 1139 603 1170 ,
649 1083 724 1154 in
763 1083 1116 1184 navigium
1150 1106 1459 1183 receptus
1493 1081 1667 1156 nihil
1705 1082 1855 1185 pol-

305 1181 500 1257 leret.

399 1283 737 1359 LXVIII.
755 1279 868 1356 Ατ
885 1281 1022 1354 haec
1045 1280 1300 1356 leviora
1317 1337 1339 1370 ,
1361 1279 1570 1381 quam
1588 1308 1665 1359 ut
1681 1307 1875 1360 atro--

307 1409 464 1457 cem
485 1382 921 1458 adverterent
941 1381 1357 1483 Principem,
1378 1383 1500 1480 qui
1522 1385 1859 1482 quantum

306 1485 518 1558 ceteri
593 1481 874 1586 rosperis
903 1541 928 1572 ‚
978 1481 1251 1557 tantum
1303 1482 1588 1557 adverfis
1635 1483 1859 1560 inhia-
1967 1521 1975 1528 ·

307 1583 476 1658 bat:
524 1513 756 1660 [gntus
783 1607 1179 1684 temporum
1210 1577 1485 1658 suorum
1514 1584 1858 1672 calamita-
1918 1637 1923 1640 -

309 1708 457 1759 tem
496 1684 732 1760 dolere
759 1743 782 1773 ,
826 1685 1016 1784 quod
1046 1681 1232 1759 fame
1256 1739 1279 1774 ‚
1322 1685 1501 1787 peste
1527 1743 1549 1776 ‚
1593 1688 1855 1763 exerci-—,

305 1809 506 1860 tuum
535 1785 842 1859 cladibus
860 1843 883 1876 ,
913 1783 1189 1860 urbium
1214 1785 1548 1860 incendiis
1571 1843 1594 1876 ,
1631 1789 1855 1889 regio·-

302 1912 475 1961 num
549 1885 1084 1963 subversionibus
1127 1944 1150 1976 ‚
1228 1885 1329 1963 utl
1402 1883 1851 1989 superioribus

301 1987 792 2091 principatibus
839 1990 1221 2091 contigerat
1251 2044 1273 2076 ,
1331 2013 1475 2059 non
1527 1990 1855 2072 nob'dita-

303 2114 563 2165 rentur.
628 2089 894 2167 Verum
939 2116 1090 2189 quae
1143 2084 1406 2188 populis
1456 2087 1851 2187 precabatur

303 2189 532 2278 mala,
565 2188 639 2263 in
663 2189 920 2292 ipsum,
957 2189 1229 2263 Urbem
1252 2185 1619 2301 tegreffum
1643 2246 1666 2279 ,
1706 2216 1853 2269 ver-

300 2288 468 2363 tere.
525 2288 923 2364 Nefandum
975 2288 1237 2364 facinus
1286 2287 1559 2364 diverfis
1606 2289 1851 2365 incita-

303 2391 556 2463 mentis
583 2389 988 2493 susceptum.
1043 2395 1124 2466 In
1165 2389 1337 2464 illud
1374 2392 1505 2466 tuit
1534 2391 1855 2467 AEmilius

301 2491 604 2593 Regulus
632 2550 655 2581 ,
705 2492 1169 2568 Cordubensis
1203 2550 1226 2581 ,
1273 2492 1439 2565 odio
1476 2494 1698 2568 Princi
1746 2494 1802 2567 is
1830 2521 1851 2564 ε

303 2590 570 2667 Annius
617 2593 1060 2669 Minucianus
1081 2653 1103 2684 ,
1147 2618 1221 2666 ut
1259 2593 1605 2694 Lepidum
1651 2522 1855 2667 ulcis-

305 2718 571 2767 ceretur
621 2751 642 2782 ‚
719 2694 976 2795 fibique
1047 2691 1417 2768 imminens
1484 2692 1853 2769 discrimen

305 2791 722 2894 propulsaret
757 2826 774 2867 z
831 2797 1088 2869 Caffius
1135 2791 1419 2867 Chaerea
1450 2846 1473 2879 ,
1520 2792 1621 2865 vir
1669 2793 1849 2867 anti-

305 2895 454 2991 quis
484 2895 791 2969 moribus
828 2907 898 2971 &
933 2894 1197 2971 austeris
1223 2950 1245 2982 ‚
1298 2890 1542 2992 quibus
1573 2945 1595 2979 -‚
1647 2917 1723 2964 ut
1756 2892 1846 2967 ad

307 2990 570 3067 bonum
603 2997 780 3069 nihil
815 2998 1054 3073 melius
1080 3056 1102 3087 ,
1150 2998 1243 3069 ita
1269 2993 1357 3068 ad
1387 2991 1642 3067 malum
1670 2992 1845 3067 nihil

306 3094 618 3175 audacius
636 3153 660 3188 ,
687 3106 962 3203 propter
987 3098 1281 3202 spretam
1304 3092 1495 3173 suam
1518 3093 1842 3201 virtutem
