2294 3870
449 189 598 266 '182
807 195 1655 274 superextentum

195 337 428 461 A?
453 311 800 418 ipsamque
842 310 1006 385 Caii·
1042 299 1598 415 benevolentiam
1642 311 1995 395 infensior:

243 413 434 564 ἐξ·
452 414 1993 607 ωξὶὲἒξῶῗέἒέζῙεεὲἓῖἔξῗῖἓὲῑῐέἓζῐί

237 583 286 636 J,
321 586 384 636 C.

257 675 362 742 θ’)

447 643 608 721 gere
625 671 648 706 ,
691 641 834 688 non
857 639 934 691 ut
961 615 1339 718 periculum
1366 617 1790 695 declinarent
1810 675 1835 711 ‚
1864 617 1987 696 sed

444 741 522 793 ut
562 715 882 793 societate
919 715 1353 794 valescetent.
1400 718 1753 794 Omnium
1794 747 1991 795 acer-

435 817 648 892 rimus
671 818 962 894 Chaetea
984 875 1006 909 ‚
1041 820 1591 923 praetorianorum
1618 820 1934 896 tribunus
1958 877 1985 915 ,

433 915 698 1022 singula
751 917 1108 998 observare
1154 951 1172 996 z
1228 921 1553 1036 Principis
1602 919 1931 996 libidines
1954 977 1983 1014 ,

432 1016 778 1096 factorum
829 1047 1070 1096 arcana
1092 1077 1115 1112 ‚
1163 1023 1342 1097 vecti
1390 1021 1603 1096 alium
1650 1022 1983 1096 immani-

433 1143 651 1196 tatem
678 1177 702 1213 ,
758 1123 998 1226 populi
1022 1123 1241 1197 ludkus
1269 1179 1293 1214 ,
1328 1051 1617 1199 iixasmet
1656 1123 1929 1224 iniurias
1951 1178 1978 1213 ‚

433 1220 600 1298 cum
656 1223 751 1297 ob
803 1224 1312 1299 humanitatem
1367 1233 1438 1298 &
1500 1225 1579 1297 in
1626 1222 1975 1325 exigendis

433 1324 878 1442 veffigalibus
927 1325 1483 1403 moderationem
1533 1352 1572 1398 a
1612 1323 1923 1498 Principe
1950 1381 1974 1414 ,

432 1425 559 1527 q‘ui
586 1426 810 1510 virilia
848 1429 1087 1502 onmia
1129 1449 1403 1502 exuerat
1428 1480 1451 1515 ‚
1496 1450 1574 1499 ut
1620 1423 1830 1499 mulie
1880 1425 1983 1498 ria

431 1528 798 1602 ostentaret
814 1583 839 1616 ‚
867 1527 1191 1600 mollitiei
1213 1549 1605 1626 argueretur
1623 1581 1645 1613 ‚
1668 1535 1743 1599 &
1758 1580 1783 1615 ‚
1808 1552 1985 1624 quo-

430 1626 560 1698 ties
588 1625 855 1725 iignum
872 1624 1151 1727 petebat
1168 1679 1191 1712 ,
1220 1622 1514 1701 Veneris
1531 1678 1553 1712 ‚
1584 1624 1986 1737 Cupidinis,

429 1724 580 1800 Pria
627 1725 752 1798 ive'
777 1724 920 1800 sem
1011 1750 1043 1796 r
1087 1723 1424 1825 acciperet
1449 1777 1472 1811 ,
1523 1724 1598 1796 in
1633 1722 1928 1796 crimina
1953 1781 1985 1816 ,

429 1849 509 1898 ca
583 1823 784 1925 asque
828 1853 920 1898 cae
974 1825 989 1840 ⁶
1073 1844 1523 1928 exaggerare:
1580 1821 1671 1895 ad
1714 1819 1991 1920 facinus·

337 1996 346 2003 .
429 1923 717 2003 adscitos
736 1958 776 2019 ,·
803 1924 1120 2003 laudibus
1146 1982 1171 2018 ,
1216 1952 1413 2001 exem
1463 1922 1544 1997 lis
1584 1923 1982 2001 accendere.

523 2031 754 2105 Lxx.
808 2032 980 2106 Esus
1044 2027 1321 2103 consilia
1416 2052 1605 2101 erme
1664 2027 1983 2129 oppreffit

428 2128 634 2208 casus,
699 2131 1014 2227 Quidam
1065 2131 1259 2207 enim
1298 2126 1649 2203 Timidius
1687 2131 1863 2202 Pom

426 2231 630 2307 dium
665 2290 692 2321 ,
749 2231 1135 2307 senatorem
1165 2287 1188 2318 ,
1242 2227 1437 2328 gestis
1483 2226 1851 2399 mafistrati
1901 2248 1991 2304 us'

423 2328 765 2429 infignem
790 2386 813 2419 ‚
862 2356 1012 2403 tum
1049 2330 1389 2429 Epicureae
1427 2323 1590 2399 sebo
1618 2354 1670 2399 ae
1708 2326 1987 2429 placitis·

421 2427 501 2501 in
555 2428 697 2501 otia
747 2427 1118 2506 resolutum
1147 2484 1174 2519 ,
1232 2427 1688 2527 conjurationi
1738 2453 1981 2505 tamen-

420 2526 754 2603 innexum
799 2584 828 2618 ,
873 2550 878 2554 ·
993 2528 1086 2601 ast
1153 2526 1491 2633 probrofis
1546 2524 1977 2618 sermonibus

420 2628 809 2734 Principem
831 2556 1191 2721 inffiiiffet,
1220 2631 1578 2734 maJestatis
1605 2632 1973 2731 arceffivit5

421 2731 757 2836 petiitque
787 2758 863 2808 ut
889 2732 1233 2827 Quintilia
1253 2792 1276 2825 ,
1314 2732 1655 2809 theatricis
1696 2735 1919 2849 operis
1945 2791 1970 2825 ,

420 2834 654 2909 venali
695 2832 1202 2939 pulchritudine
1226 2893 1249 2926 ,
1294 2844 1367 2911 δε
1396 2834 1759 2935 Pompedit
1801 2835 1973 2909 alio-

420 2957 716 3038 rumque
759 2936 1215 3039 plurimorum
1253 2934 1596 3008 amoribus
1648 2932 1909 3009 famosa
1938 2993 1963 3027 ,

421 3060 545 3135 pet
616 3062 959 3113 tormenta
1027 3041 1573 3151 interrogaretur.
1684 3036 1961 3111 Adnuit
2050 3072 2057 3079 ·

419 3134 630 3211 caius
650 3164 674 3235 3
701 3164 776 3213 ac
797 3166 886 3216 ne
908 3139 1077 3243 quid
1097 3135 1959 3241 supphciommacerbitati-
