<?xml version="1.0" encoding="UTF-8"?>
<!DOCTYPE html PUBLIC "-//W3C//DTD XHTML 1.0 Transitional//EN"
    "http://www.w3.org/TR/xhtml1/DTD/xhtml1-transitional.dtd">
<html xmlns="http://www.w3.org/1999/xhtml" xml:lang="en" lang="en">
 <head>
  <title>
</title>
<meta http-equiv="Content-Type" content="text/html;charset=utf-8" />
  <meta name='ocr-system' content='tesseract 3.04.00' />
  <meta name='ocr-capabilities' content='ocr_page ocr_carea ocr_par ocr_line ocrx_word'/>
</head>
<body>
  <div class='ocr_page' id='page_1' title='image "./operasupplement06tacigoog/operasupplement06tacigoog_0380.png"; bbox 0 0 2294 3870; ppageno 0'>
   <div class='ocr_carea' id='block_1_1' title="bbox 468 235 1790 338">
    <p class='ocr_par' dir='ltr' id='par_1_1' title="bbox 468 235 1790 338">
     <span class='ocr_line' id='line_1_1' title="bbox 468 235 1790 338; baseline 0.004 -26"><span class='ocrx_word' id='word_1_1' title='bbox 468 263 613 338; x_wconf 84' lang='lat'><strong>370</strong></span> <span class='ocrx_word' id='word_1_2' title='bbox 708 241 791 310; x_wconf 70' lang='lat' dir='ltr'><strong>IN</strong></span> <span class='ocrx_word' id='word_1_3' title='bbox 848 235 1431 310; x_wconf 68' lang='lat' dir='ltr'>SUPPLEMENTUM</span> <span class='ocrx_word' id='word_1_4' title='bbox 1488 239 1645 312; x_wconf 67' lang='lat' dir='ltr'><strong>Lus.</strong></span> <span class='ocrx_word' id='word_1_5' title='bbox 1699 241 1790 316; x_wconf 84' lang='lat' dir='ltr'><strong>X.</strong></span> 
     </span>
    </p>
   </div>
   <div class='ocr_carea' id='block_1_2' title="bbox 360 357 2066 3214">
    <p class='ocr_par' dir='ltr' id='par_1_2' title="bbox 360 357 2066 3214">
     <span class='ocr_line' id='line_1_2' title="bbox 459 357 2066 442; baseline 0 -22"><span class='ocrx_word' id='word_1_6' title='bbox 459 361 679 442; x_wconf 81' lang='lat' dir='ltr'>quitatis</span> <span class='ocrx_word' id='word_1_7' title='bbox 696 357 997 420; x_wconf 81' lang='lat' dir='ltr'><strong>reverentia</strong></span> <span class='ocrx_word' id='word_1_8' title='bbox 1016 403 1033 430; x_wconf 91' lang='lat'>,</span> <span class='ocrx_word' id='word_1_9' title='bbox 1050 379 1152 436; x_wconf 86' lang='lat' dir='ltr'><strong>per</strong></span> <span class='ocrx_word' id='word_1_10' title='bbox 1169 359 1344 419; x_wconf 83' lang='lat' dir='ltr'><strong>multa</strong></span> <span class='ocrx_word' id='word_1_11' title='bbox 1366 357 1557 420; x_wconf 71' lang='lat' dir='ltr'><strong>fitcula</strong></span> <span class='ocrx_word' id='word_1_12' title='bbox 1583 360 1794 420; x_wconf 85' lang='lat' dir='ltr'><strong>duravit</strong></span> <span class='ocrx_word' id='word_1_13' title='bbox 1807 379 1996 420; x_wconf 75' lang='lat' dir='ltr'><strong>cumr-</strong></span> <span class='ocrx_word' id='word_1_14' title='bbox 2053 423 2066 436; x_wconf 52' lang='lat'><em>‚</em></span> 
     </span>
     <span class='ocr_line' id='line_1_3' title="bbox 454 435 2004 519; baseline -0.001 -19"><span class='ocrx_word' id='word_1_15' title='bbox 454 439 693 500; x_wconf 81' lang='lat' dir='ltr'><strong>chorum</strong></span> <span class='ocrx_word' id='word_1_16' title='bbox 718 435 954 519; x_wconf 85' lang='lat' dir='ltr'><strong>squalor.</strong></span> <span class='ocrx_word' id='word_1_17' title='bbox 1013 435 1117 495; x_wconf 87' lang='lat' dir='ltr'><strong>Per</strong></span> <span class='ocrx_word' id='word_1_18' title='bbox 1144 435 1314 497; x_wconf 83' lang='lat' dir='ltr'><strong>scelus</strong></span> <span class='ocrx_word' id='word_1_19' title='bbox 1348 441 1568 498; x_wconf 83' lang='lat' dir='ltr'><strong>tandem</strong></span> <span class='ocrx_word' id='word_1_20' title='bbox 1603 461 1731 499; x_wconf 86' lang='lat' dir='ltr'><strong>eum</strong></span> <span class='ocrx_word' id='word_1_21' title='bbox 1763 441 2004 516; x_wconf 65' lang='lat' dir='ltr'><strong>exuere,</strong></span> 
     </span>
     <span class='ocr_line' id='line_1_4' title="bbox 458 512 1999 593; baseline 0.002 -16"><span class='ocrx_word' id='word_1_22' title='bbox 458 517 591 578; x_wconf 74' lang='lat' dir='ltr'><strong>etim</strong></span> <span class='ocrx_word' id='word_1_23' title='bbox 624 563 642 593; x_wconf 90' lang='lat'><strong>,</strong></span> <span class='ocrx_word' id='word_1_24' title='bbox 693 512 904 577; x_wconf 64' lang='lat' dir='ltr'>famofit</span> <span class='ocrx_word' id='word_1_25' title='bbox 947 516 1005 574; x_wconf 87' lang='lat' dir='ltr'><strong>in</strong></span> <span class='ocrx_word' id='word_1_26' title='bbox 1048 515 1363 578; x_wconf 85' lang='lat' dir='ltr'>Annalibus</span> <span class='ocrx_word' id='word_1_27' title='bbox 1405 518 1723 579; x_wconf 79' lang='lat' dir='ltr'><strong>Sinenfibus</strong></span> <span class='ocrx_word' id='word_1_28' title='bbox 1773 521 1848 578; x_wconf 86' lang='lat' dir='ltr'><strong>im</strong></span> <span class='ocrx_word' id='word_1_29' title='bbox 1895 524 1999 580; x_wconf 81' lang='lat' dir='ltr'><strong>etii</strong></span> 
     </span>
     <span class='ocr_line' id='line_1_5' title="bbox 456 592 2001 680; baseline 0.001 -24"><span class='ocrx_word' id='word_1_30' title='bbox 456 599 622 680; x_wconf 84' lang='lat' dir='ltr'><strong>pestis</strong></span> <span class='ocrx_word' id='word_1_31' title='bbox 656 641 675 670; x_wconf 89' lang='lat'><strong>,</strong></span> <span class='ocrx_word' id='word_1_32' title='bbox 729 594 849 654; x_wconf 84' lang='lat' dir='ltr'><strong>Pao</strong></span> <span class='ocrx_word' id='word_1_33' title='bbox 892 592 1034 654; x_wconf 85' lang='lat' dir='ltr'><strong>Ssee</strong></span> <span class='ocrx_word' id='word_1_34' title='bbox 1082 597 1404 656; x_wconf 81' lang='lat' dir='ltr'><strong>concubina</strong></span> <span class='ocrx_word' id='word_1_35' title='bbox 1451 599 1798 677; x_wconf 74' lang='lat' dir='ltr'><strong>imperatoris</strong></span> <span class='ocrx_word' id='word_1_36' title='bbox 1899 618 2001 658; x_wconf 78' lang='lat' dir='ltr'><strong>eou</strong></span> 
     </span>
     <span class='ocr_line' id='line_1_6' title="bbox 462 675 2008 757; baseline 0 -20"><span class='ocrx_word' id='word_1_37' title='bbox 462 677 709 756; x_wconf 83' lang='lat' dir='ltr'><strong>Ouang‚</strong></span> <span class='ocrx_word' id='word_1_38' title='bbox 747 676 845 757; x_wconf 91' lang='lat' dir='ltr'><strong>qui</strong></span> <span class='ocrx_word' id='word_1_39' title='bbox 872 693 1105 755; x_wconf 81' lang='lat' dir='ltr'>regnare</span> <span class='ocrx_word' id='word_1_40' title='bbox 1127 696 1214 734; x_wconf 86' lang='lat' dir='ltr'><strong>coe</strong></span> <span class='ocrx_word' id='word_1_41' title='bbox 1257 679 1300 736; x_wconf 89' lang='lat' dir='ltr'><strong>it</strong></span> <span class='ocrx_word' id='word_1_42' title='bbox 1332 697 1485 737; x_wconf 88' lang='lat' dir='ltr'><strong>anno</strong></span> <span class='ocrx_word' id='word_1_43' title='bbox 1515 683 1624 748; x_wconf 81' lang='lat'><strong>781</strong></span> <span class='ocrx_word' id='word_1_44' title='bbox 1661 695 1787 737; x_wconf 86' lang='lat' dir='ltr'><strong>ante</strong></span> <span class='ocrx_word' id='word_1_45' title='bbox 1807 675 2008 737; x_wconf 71' lang='lat' dir='ltr'><strong>Chris-</strong></span> 
     </span>
     <span class='ocr_line' id='line_1_7' title="bbox 460 752 2004 837; baseline 0.001 -23"><span class='ocrx_word' id='word_1_46' title='bbox 460 773 577 816; x_wconf 85' lang='lat' dir='ltr'><strong>tum</strong></span> <span class='ocrx_word' id='word_1_47' title='bbox 598 800 616 828; x_wconf 89' lang='lat'>‚</span> <span class='ocrx_word' id='word_1_48' title='bbox 660 753 755 812; x_wconf 85' lang='lat' dir='ltr'><strong>usa</strong></span> <span class='ocrx_word' id='word_1_49' title='bbox 794 752 995 813; x_wconf 80' lang='lat' dir='ltr'><strong>artibus</strong></span> <span class='ocrx_word' id='word_1_50' title='bbox 1033 774 1211 814; x_wconf 87' lang='lat' dir='ltr'><strong>eunuc</strong></span> <span class='ocrx_word' id='word_1_51' title='bbox 1251 758 1272 814; x_wconf 92' lang='lat' dir='ltr'><strong>i</strong></span> <span class='ocrx_word' id='word_1_52' title='bbox 1301 802 1318 830; x_wconf 92' lang='lat'>,</span> <span class='ocrx_word' id='word_1_53' title='bbox 1371 753 1561 837; x_wconf 79' lang='lat' dir='ltr'>adegit</span> <span class='ocrx_word' id='word_1_54' title='bbox 1605 759 1682 816; x_wconf 87' lang='lat' dir='ltr'><strong>im</strong></span> <span class='ocrx_word' id='word_1_55' title='bbox 1727 776 2004 821; x_wconf 78' lang='lat' dir='ltr'><strong>craterem</strong></span> 
     </span>
     <span class='ocr_line' id='line_1_8' title="bbox 460 777 1999 918; baseline -0.001 -22"><span class='ocrx_word' id='word_1_56' title='bbox 460 853 694 896; x_wconf 84' lang='lat' dir='ltr'>uxorem</span> <span class='ocrx_word' id='word_1_57' title='bbox 718 831 871 892; x_wconf 84' lang='lat' dir='ltr'><strong>suam</strong></span> <span class='ocrx_word' id='word_1_58' title='bbox 896 832 1198 914; x_wconf 81' lang='lat' dir='ltr'>legitimam</span> <span class='ocrx_word' id='word_1_59' title='bbox 1221 833 1508 915; x_wconf 78' lang='lat' dir='ltr'><strong>repudiare</strong></span> <span class='ocrx_word' id='word_1_60' title='bbox 1525 881 1542 909; x_wconf 91' lang='lat'>,</span> <span class='ocrx_word' id='word_1_61' title='bbox 1573 777 1792 918; x_wconf 55' lang='lat' dir='ltr'><strong>ejulgue</strong></span> <span class='ocrx_word' id='word_1_62' title='bbox 1816 834 1999 895; x_wconf 69' lang='lat' dir='ltr'><strong>filiunt⁸</strong></span> 
     </span>
     <span class='ocr_line' id='line_1_9' title="bbox 455 911 1994 994; baseline -0.001 -20"><span class='ocrx_word' id='word_1_63' title='bbox 455 915 822 994; x_wconf 76' lang='lat' dir='ltr'><strong>imperatorio</strong></span> <span class='ocrx_word' id='word_1_64' title='bbox 846 913 965 989; x_wconf 84' lang='lat' dir='ltr'><strong>jure</strong></span> <span class='ocrx_word' id='word_1_65' title='bbox 992 913 1246 974; x_wconf 86' lang='lat' dir='ltr'><strong>orbatum</strong></span> <span class='ocrx_word' id='word_1_66' title='bbox 1269 916 1626 994; x_wconf 85' lang='lat' dir='ltr'><strong>pronuntiare</strong></span> <span class='ocrx_word' id='word_1_67' title='bbox 1647 961 1665 989; x_wconf 90' lang='lat'>,</span> <span class='ocrx_word' id='word_1_68' title='bbox 1703 935 1765 974; x_wconf 89' lang='lat' dir='ltr'><strong>ut</strong></span> <span class='ocrx_word' id='word_1_69' title='bbox 1791 911 1908 994; x_wconf 83' lang='lat' dir='ltr'><strong>ipsa</strong></span> <span class='ocrx_word' id='word_1_70' title='bbox 1931 917 1994 973; x_wconf 81' lang='lat' dir='ltr'><strong>in</strong></span> 
     </span>
     <span class='ocr_line' id='line_1_10' title="bbox 458 991 2001 1076; baseline 0 -22"><span class='ocrx_word' id='word_1_71' title='bbox 458 995 834 1073; x_wconf 79' lang='lat' dir='ltr'><strong>imperatoriae</strong></span> <span class='ocrx_word' id='word_1_72' title='bbox 862 994 1051 1051; x_wconf 84' lang='lat' dir='ltr'><strong>uxoris</strong></span> <span class='ocrx_word' id='word_1_73' title='bbox 1078 993 1407 1076; x_wconf 81' lang='lat' dir='ltr'><strong>dignitatern</strong></span> <span class='ocrx_word' id='word_1_74' title='bbox 1434 1040 1452 1068; x_wconf 91' lang='lat'>‚</span> <span class='ocrx_word' id='word_1_75' title='bbox 1493 992 1713 1076; x_wconf 83' lang='lat' dir='ltr'><strong>ejusque</strong></span> <span class='ocrx_word' id='word_1_76' title='bbox 1751 991 1890 1052; x_wconf 85' lang='lat' dir='ltr'><strong>filius</strong></span> <span class='ocrx_word' id='word_1_77' title='bbox 1933 996 2001 1054; x_wconf 73' lang='lat' dir='ltr'><strong>itt</strong></span> 
     </span>
     <span class='ocr_line' id='line_1_11' title="bbox 458 1068 2006 1152; baseline 0 -18"><span class='ocrx_word' id='word_1_78' title='bbox 458 1069 776 1134; x_wconf 73' lang='lat' dir='ltr'><strong>hereditatis</strong></span> <span class='ocrx_word' id='word_1_79' title='bbox 815 1068 969 1152; x_wconf 80' lang='lat' dir='ltr'><strong>spem</strong></span> <span class='ocrx_word' id='word_1_80' title='bbox 1002 1070 1390 1133; x_wconf 85' lang='lat' dir='ltr'>adsumeretur.</span> <span class='ocrx_word' id='word_1_81' title='bbox 1433 1071 1554 1133; x_wconf 89' lang='lat' dir='ltr'><strong>Ubi</strong></span> <span class='ocrx_word' id='word_1_82' title='bbox 1599 1092 1854 1132; x_wconf 88' lang='lat' dir='ltr'><strong>votorum</strong></span> <span class='ocrx_word' id='word_1_83' title='bbox 1893 1070 2006 1134; x_wconf 76' lang='lat' dir='ltr'><strong>fuit</strong></span> 
     </span>
     <span class='ocr_line' id='line_1_12' title="bbox 456 1148 1997 1232; baseline -0.001 -22"><span class='ocrx_word' id='word_1_84' title='bbox 456 1170 700 1232; x_wconf 83' lang='lat' dir='ltr'><strong>compos</strong></span> <span class='ocrx_word' id='word_1_85' title='bbox 718 1199 735 1226; x_wconf 92' lang='lat'>,</span> <span class='ocrx_word' id='word_1_86' title='bbox 778 1171 895 1209; x_wconf 89' lang='lat' dir='ltr'><strong>non</strong></span> <span class='ocrx_word' id='word_1_87' title='bbox 934 1148 1113 1211; x_wconf 76' lang='lat' dir='ltr'><strong>soltim</strong></span> <span class='ocrx_word' id='word_1_88' title='bbox 1149 1153 1408 1212; x_wconf 89' lang='lat' dir='ltr'><strong>eunucho</strong></span> <span class='ocrx_word' id='word_1_89' title='bbox 1449 1152 1518 1211; x_wconf 92' lang='lat' dir='ltr'><strong>de</strong></span> <span class='ocrx_word' id='word_1_90' title='bbox 1545 1150 1600 1210; x_wconf 70' lang='lat' dir='ltr'><strong>se</strong></span> <span class='ocrx_word' id='word_1_91' title='bbox 1636 1152 1775 1210; x_wconf 88' lang='lat' dir='ltr'><strong>bene</strong></span> <span class='ocrx_word' id='word_1_92' title='bbox 1795 1153 1997 1210; x_wconf 84' lang='lat' dir='ltr'><strong>merito</strong></span> 
     </span>
     <span class='ocr_line' id='line_1_13' title="bbox 456 1229 1997 1316; baseline -0.001 -26"><span class='ocrx_word' id='word_1_93' title='bbox 456 1249 677 1316; x_wconf 83' lang='lat' dir='ltr'>gratam</span> <span class='ocrx_word' id='word_1_94' title='bbox 699 1250 765 1292; x_wconf 82' lang='lat' dir='ltr'><strong>ac</strong></span> <span class='ocrx_word' id='word_1_95' title='bbox 788 1251 1094 1290; x_wconf 83' lang='lat' dir='ltr'>memorem</span> <span class='ocrx_word' id='word_1_96' title='bbox 1120 1229 1174 1291; x_wconf 86' lang='lat' dir='ltr'><strong>se</strong></span> <span class='ocrx_word' id='word_1_97' title='bbox 1196 1233 1434 1312; x_wconf 84' lang='lat' dir='ltr'><strong>praestitit</strong></span> <span class='ocrx_word' id='word_1_98' title='bbox 1463 1277 1479 1308; x_wconf 88' lang='lat'>‚</span> <span class='ocrx_word' id='word_1_99' title='bbox 1518 1252 1755 1312; x_wconf 87' lang='lat' dir='ltr'><strong>eumque</strong></span> <span class='ocrx_word' id='word_1_100' title='bbox 1782 1232 1997 1310; x_wconf 83' lang='lat' dir='ltr'><strong>palatio</strong></span> 
     </span>
     <span class='ocr_line' id='line_1_14' title="bbox 457 1307 1998 1392; baseline 0.001 -23"><span class='ocrx_word' id='word_1_101' title='bbox 457 1308 762 1392; x_wconf 80' lang='lat' dir='ltr'><strong>praeposuit</strong></span> <span class='ocrx_word' id='word_1_102' title='bbox 776 1355 794 1385; x_wconf 90' lang='lat'><strong>,</strong></span> <span class='ocrx_word' id='word_1_103' title='bbox 818 1307 909 1369; x_wconf 81' lang='lat' dir='ltr'><strong>sed</strong></span> <span class='ocrx_word' id='word_1_104' title='bbox 926 1317 980 1370; x_wconf 86' lang='lat'>&amp;</span> <span class='ocrx_word' id='word_1_105' title='bbox 1000 1311 1284 1370; x_wconf 85' lang='lat' dir='ltr'><strong>eunuchos</strong></span> <span class='ocrx_word' id='word_1_106' title='bbox 1301 1311 1370 1370; x_wconf 85' lang='lat' dir='ltr'><strong>ad</strong></span> <span class='ocrx_word' id='word_1_107' title='bbox 1393 1311 1630 1390; x_wconf 64' lang='lat' dir='ltr'><strong>piurima</strong></span> <span class='ocrx_word' id='word_1_108' title='bbox 1651 1318 1704 1369; x_wconf 86' lang='lat'>&amp;</span> <span class='ocrx_word' id='word_1_109' title='bbox 1717 1311 1998 1392; x_wconf 67' lang='lat' dir='ltr'><strong>praecip&#39;uit</strong></span> 
     </span>
     <span class='ocr_line' id='line_1_15' title="bbox 369 1388 2000 1472; baseline -0.001 -23"><span class='ocrx_word' id='word_1_110' title='bbox 369 1457 377 1462; x_wconf 50' lang='grc'><strong><em>,</em></strong></span> <span class='ocrx_word' id='word_1_111' title='bbox 464 1392 661 1470; x_wconf 82' lang='lat' dir='ltr'><strong>palatii</strong></span> <span class='ocrx_word' id='word_1_112' title='bbox 685 1391 982 1451; x_wconf 85' lang='lat' dir='ltr'><strong>ministeria</strong></span> <span class='ocrx_word' id='word_1_113' title='bbox 1004 1390 1268 1450; x_wconf 83' lang='lat' dir='ltr'><strong>adhibuit.</strong></span> <span class='ocrx_word' id='word_1_114' title='bbox 1293 1389 1490 1472; x_wconf 84' lang='lat' dir='ltr'>Viguit</span> <span class='ocrx_word' id='word_1_115' title='bbox 1510 1391 1696 1468; x_wconf 84' lang='lat' dir='ltr'>postea</span> <span class='ocrx_word' id='word_1_116' title='bbox 1716 1436 1732 1462; x_wconf 90' lang='lat'>‚</span> <span class='ocrx_word' id='word_1_117' title='bbox 1771 1407 1828 1448; x_wconf 89' lang='lat' dir='ltr'><strong>ut</strong></span> <span class='ocrx_word' id='word_1_118' title='bbox 1845 1388 2000 1468; x_wconf 74' lang='lat' dir='ltr'><strong>apud</strong></span> 
     </span>
     <span class='ocr_line' id='line_1_16' title="bbox 464 1467 2002 1548; baseline -0.003 -18"><span class='ocrx_word' id='word_1_119' title='bbox 464 1468 720 1530; x_wconf 86' lang='lat' dir='ltr'><strong>Orientis</strong></span> <span class='ocrx_word' id='word_1_120' title='bbox 738 1517 756 1546; x_wconf 86' lang='lat'>‚</span> <span class='ocrx_word' id='word_1_121' title='bbox 791 1469 861 1528; x_wconf 85' lang='lat' dir='ltr'><strong>fic</strong></span> <span class='ocrx_word' id='word_1_122' title='bbox 885 1467 1034 1548; x_wconf 84' lang='lat' dir='ltr'><strong>apud</strong></span> <span class='ocrx_word' id='word_1_123' title='bbox 1057 1470 1315 1530; x_wconf 87' lang='lat' dir='ltr'><strong>Sinarum</strong></span> <span class='ocrx_word' id='word_1_124' title='bbox 1347 1471 1590 1548; x_wconf 79' lang='lat' dir='ltr'><strong>populos</strong></span> <span class='ocrx_word' id='word_1_125' title='bbox 1617 1468 2002 1528; x_wconf 64' lang='lat' dir='ltr'><strong>eunuchorum</strong></span> 
     </span>
     <span class='ocr_line' id='line_1_17' title="bbox 461 1545 2002 1628; baseline -0.002 -20"><span class='ocrx_word' id='word_1_126' title='bbox 461 1549 709 1608; x_wconf 75' lang='lat' dir='ltr'><strong>fortuna.</strong></span> <span class='ocrx_word' id='word_1_127' title='bbox 771 1549 1137 1628; x_wconf 82' lang='lat' dir='ltr'>Imperatores</span> <span class='ocrx_word' id='word_1_128' title='bbox 1181 1549 1423 1608; x_wconf 87' lang='lat' dir='ltr'><strong>Romani</strong></span> <span class='ocrx_word' id='word_1_129' title='bbox 1469 1545 1596 1605; x_wconf 75' lang='lat' dir='ltr'><strong>etim</strong></span> <span class='ocrx_word' id='word_1_130' title='bbox 1630 1569 1737 1626; x_wconf 89' lang='lat' dir='ltr'><strong>pro</strong></span> <span class='ocrx_word' id='word_1_131' title='bbox 1775 1549 2002 1626; x_wconf 86' lang='lat' dir='ltr'><strong>imperii</strong></span> 
     </span>
     <span class='ocr_line' id='line_1_18' title="bbox 462 1625 2004 1697; baseline -0.002 -10"><span class='ocrx_word' id='word_1_132' title='bbox 462 1627 585 1687; x_wconf 69' lang='lat' dir='ltr'><strong>fasti</strong></span> <span class='ocrx_word' id='word_1_133' title='bbox 628 1631 686 1685; x_wconf 87' lang='lat' dir='ltr'><strong>io</strong></span> <span class='ocrx_word' id='word_1_134' title='bbox 704 1645 899 1684; x_wconf 86' lang='lat' dir='ltr'><strong>omnes</strong></span> <span class='ocrx_word' id='word_1_135' title='bbox 915 1643 1258 1684; x_wconf 79' lang='lat' dir='ltr'><strong>externarum</strong></span> <span class='ocrx_word' id='word_1_136' title='bbox 1277 1625 1721 1682; x_wconf 81' lang='lat' dir='ltr'><strong>dominationum</strong></span> <span class='ocrx_word' id='word_1_137' title='bbox 1740 1626 2004 1697; x_wconf 76' lang='lat' dir='ltr'><strong>libidines</strong></span> 
     </span>
     <span class='ocr_line' id='line_1_19' title="bbox 459 1647 2000 1784; baseline -0.001 -19"><span class='ocrx_word' id='word_1_138' title='bbox 459 1708 521 1765; x_wconf 85' lang='lat' dir='ltr'><strong>in</strong></span> <span class='ocrx_word' id='word_1_139' title='bbox 562 1647 629 1764; x_wconf 62' lang='grc' dir='ltr'><strong>ἕξ</strong></span> <span class='ocrx_word' id='word_1_140' title='bbox 656 1702 1155 1783; x_wconf 61' lang='lat' dir='ltr'><strong>complecterentur</strong></span> <span class='ocrx_word' id='word_1_141' title='bbox 1178 1749 1195 1777; x_wconf 89' lang='lat'>‚</span> <span class='ocrx_word' id='word_1_142' title='bbox 1240 1723 1336 1761; x_wconf 88' lang='lat' dir='ltr'><strong>eos</strong></span> <span class='ocrx_word' id='word_1_143' title='bbox 1369 1721 1484 1784; x_wconf 88' lang='lat' dir='ltr'><strong>quo</strong></span> <span class='ocrx_word' id='word_1_144' title='bbox 1527 1724 1594 1762; x_wconf 90' lang='lat' dir='ltr'><strong>ue</strong></span> <span class='ocrx_word' id='word_1_145' title='bbox 1631 1706 1779 1784; x_wconf 88' lang='lat' dir='ltr'><strong>cepit</strong></span> <span class='ocrx_word' id='word_1_146' title='bbox 1815 1707 2000 1764; x_wconf 69' lang='lat' dir='ltr'><strong>euna-1</strong></span> 
     </span>
     <span class='ocr_line' id='line_1_20' title="bbox 459 1779 2000 1842; baseline 0.001 -1"><span class='ocrx_word' id='word_1_147' title='bbox 459 1783 702 1842; x_wconf 82' lang='lat' dir='ltr'><strong>chorum</strong></span> <span class='ocrx_word' id='word_1_148' title='bbox 727 1781 911 1841; x_wconf 88' lang='lat' dir='ltr'><strong>furor:</strong></span> <span class='ocrx_word' id='word_1_149' title='bbox 949 1802 1015 1840; x_wconf 86' lang='lat' dir='ltr'><strong>ac</strong></span> <span class='ocrx_word' id='word_1_150' title='bbox 1037 1781 1261 1841; x_wconf 85' lang='lat' dir='ltr'><strong>tandem</strong></span> <span class='ocrx_word' id='word_1_151' title='bbox 1283 1779 1422 1841; x_wconf 87' lang='lat' dir='ltr'><strong>visus</strong></span> <span class='ocrx_word' id='word_1_152' title='bbox 1454 1779 1511 1842; x_wconf 87' lang='lat' dir='ltr'><strong>su</strong></span> <span class='ocrx_word' id='word_1_153' title='bbox 1575 1781 1817 1842; x_wconf 84' lang='lat' dir='ltr'><strong>Claudio</strong></span> <span class='ocrx_word' id='word_1_154' title='bbox 1831 1781 2000 1842; x_wconf 72' lang='lat' dir='ltr'><strong>Prin-</strong></span> 
     </span>
     <span class='ocr_line' id='line_1_21' title="bbox 460 1859 1998 1944; baseline 0 -22"><span class='ocrx_word' id='word_1_155' title='bbox 460 1865 514 1922; x_wconf 84' lang='lat' dir='ltr'><strong>ci</strong></span> <span class='ocrx_word' id='word_1_156' title='bbox 558 1880 589 1921; x_wconf 81' lang='lat' dir='ltr'>e</span> <span class='ocrx_word' id='word_1_157' title='bbox 614 1861 833 1922; x_wconf 82' lang='lat' dir='ltr'>Pofides</span> <span class='ocrx_word' id='word_1_158' title='bbox 863 1861 1143 1922; x_wconf 82' lang='lat' dir='ltr'><strong>eunuchus</strong></span> <span class='ocrx_word' id='word_1_159' title='bbox 1163 1907 1180 1937; x_wconf 88' lang='lat'>,</span> <span class='ocrx_word' id='word_1_160' title='bbox 1223 1861 1479 1921; x_wconf 84' lang='lat' dir='ltr'><strong>militaria</strong></span> <span class='ocrx_word' id='word_1_161' title='bbox 1508 1860 1746 1944; x_wconf 78' lang='lat' dir='ltr'><strong>insignia</strong></span> <span class='ocrx_word' id='word_1_162' title='bbox 1768 1859 1998 1943; x_wconf 65' lang='lat' dir='ltr'><strong>superbe</strong></span> 
     </span>
     <span class='ocr_line' id='line_1_22' title="bbox 458 1940 1992 2023; baseline -0.001 -21"><span class='ocrx_word' id='word_1_163' title='bbox 458 1964 499 2002; x_wconf 85' lang='grc' dir='ltr'><strong>ο</strong></span> <span class='ocrx_word' id='word_1_164' title='bbox 547 1962 739 2003; x_wconf 86' lang='lat' dir='ltr'><strong>entans</strong></span> <span class='ocrx_word' id='word_1_165' title='bbox 764 1988 780 2015; x_wconf 88' lang='lat'><strong>,</strong></span> <span class='ocrx_word' id='word_1_166' title='bbox 828 1943 971 2000; x_wconf 87' lang='lat' dir='ltr'><strong>inter</strong></span> <span class='ocrx_word' id='word_1_167' title='bbox 1000 1940 1431 2023; x_wconf 82' lang='lat' dir='ltr'><strong>praeclarissimos</strong></span> <span class='ocrx_word' id='word_1_168' title='bbox 1458 1942 1666 2001; x_wconf 75' lang='lat' dir='ltr'><strong>militiae</strong></span> <span class='ocrx_word' id='word_1_169' title='bbox 1692 1941 1853 2001; x_wconf 83' lang='lat' dir='ltr'><strong>duces</strong></span> <span class='ocrx_word' id='word_1_170' title='bbox 1875 1942 1992 2002; x_wconf 68' lang='lat' dir='ltr'><strong>&lt;Za-⁰</strong></span> 
     </span>
     <span class='ocr_line' id='line_1_23' title="bbox 459 2019 1998 2104; baseline 0 -23"><span class='ocrx_word' id='word_1_171' title='bbox 459 2022 727 2104; x_wconf 80' lang='lat' dir='ltr'><strong>pitolium</strong></span> <span class='ocrx_word' id='word_1_172' title='bbox 742 2022 912 2081; x_wconf 86' lang='lat' dir='ltr'><strong>adire.</strong></span> <span class='ocrx_word' id='word_1_173' title='bbox 932 2019 1025 2079; x_wconf 88' lang='lat' dir='ltr'><strong>Ne</strong></span> <span class='ocrx_word' id='word_1_174' title='bbox 1037 2025 1280 2102; x_wconf 87' lang='lat' dir='ltr'><strong>optimus</strong></span> <span class='ocrx_word' id='word_1_175' title='bbox 1302 2020 1526 2103; x_wconf 84' lang='lat' dir='ltr'><strong>quidem</strong></span> <span class='ocrx_word' id='word_1_176' title='bbox 1537 2020 1798 2101; x_wconf 80' lang='lat' dir='ltr'><strong>Princeps</strong></span> <span class='ocrx_word' id='word_1_177' title='bbox 1812 2019 1998 2096; x_wconf 69' lang='lat' dir='ltr'><strong>TituS,</strong></span> 
     </span>
     <span class='ocr_line' id='line_1_24' title="bbox 462 2099 1993 2173; baseline -0.004 -9"><span class='ocrx_word' id='word_1_178' title='bbox 462 2101 558 2165; x_wconf 86' lang='lat' dir='ltr'><strong>sed</strong></span> <span class='ocrx_word' id='word_1_179' title='bbox 578 2100 827 2163; x_wconf 84' lang='lat' dir='ltr'><strong>Orientis</strong></span> <span class='ocrx_word' id='word_1_180' title='bbox 858 2100 1064 2165; x_wconf 83' lang='lat' dir='ltr'><strong>deliciis</strong></span> <span class='ocrx_word' id='word_1_181' title='bbox 1094 2099 1324 2161; x_wconf 81' lang='lat' dir='ltr'><strong>affuetus</strong></span> <span class='ocrx_word' id='word_1_182' title='bbox 1345 2147 1361 2173; x_wconf 92' lang='lat'>,</span> <span class='ocrx_word' id='word_1_183' title='bbox 1401 2100 1469 2160; x_wconf 84' lang='lat' dir='ltr'><strong>ab</strong></span> <span class='ocrx_word' id='word_1_184' title='bbox 1490 2100 1993 2165; x_wconf 75' lang='lat' dir='ltr'><strong>illo,eunuchomm</strong></span> 
     </span>
     <span class='ocr_line' id='line_1_25' title="bbox 462 2178 1989 2247; baseline -0.001 -6"><span class='ocrx_word' id='word_1_185' title='bbox 462 2202 660 2241; x_wconf 77' lang='lat' dir='ltr'>amore</span> <span class='ocrx_word' id='word_1_186' title='bbox 700 2182 970 2240; x_wconf 82' lang='lat' dir='ltr'><strong>abstinuit.</strong></span> <span class='ocrx_word' id='word_1_187' title='bbox 1010 2180 1269 2247; x_wconf 77' lang='lat' dir='ltr'><strong>Pessimus</strong></span> <span class='ocrx_word' id='word_1_188' title='bbox 1309 2178 1666 2239; x_wconf 85' lang='lat' dir='ltr'><strong>Domitianus</strong></span> <span class='ocrx_word' id='word_1_189' title='bbox 1701 2200 1816 2239; x_wconf 89' lang='lat' dir='ltr'><strong>non</strong></span> <span class='ocrx_word' id='word_1_190' title='bbox 1855 2182 1989 2239; x_wconf 60' lang='lat' dir='ltr'><strong>redii</strong></span> 
     </span>
     <span class='ocr_line' id='line_1_26' title="bbox 462 2257 1994 2343; baseline -0.002 -23"><span class='ocrx_word' id='word_1_191' title='bbox 462 2258 793 2343; x_wconf 84' lang='lat' dir='ltr'><strong>honestique</strong></span> <span class='ocrx_word' id='word_1_192' title='bbox 834 2260 963 2318; x_wconf 60' lang='lat' dir='ltr'><strong>cura</strong></span> <span class='ocrx_word' id='word_1_193' title='bbox 986 2305 1003 2333; x_wconf 88' lang='lat'>‚</span> <span class='ocrx_word' id='word_1_194' title='bbox 1047 2259 1135 2319; x_wconf 88' lang='lat' dir='ltr'><strong>sed</strong></span> <span class='ocrx_word' id='word_1_195' title='bbox 1182 2257 1434 2319; x_wconf 67' lang='lat' dir='ltr'><strong>adversus</strong></span> <span class='ocrx_word' id='word_1_196' title='bbox 1480 2257 1704 2319; x_wconf 84' lang='lat' dir='ltr'><strong>fratrem</strong></span> <span class='ocrx_word' id='word_1_197' title='bbox 1744 2258 1946 2322; x_wconf 56' lang='lat' dir='ltr'><strong>invidia</strong></span> <span class='ocrx_word' id='word_1_198' title='bbox 1969 2306 1994 2335; x_wconf 85' lang='lat'>‚</span> 
     </span>
     <span class='ocr_line' id='line_1_27' title="bbox 370 2336 1992 2419; baseline 0 -20"><span class='ocrx_word' id='word_1_199' title='bbox 370 2410 375 2417; x_wconf 30' lang='grc' dir='ltr'>Ι</span> <span class='ocrx_word' id='word_1_200' title='bbox 464 2339 749 2399; x_wconf 83' lang='lat' dir='ltr'><strong>eunuchos</strong></span> <span class='ocrx_word' id='word_1_201' title='bbox 784 2337 1002 2397; x_wconf 84' lang='lat' dir='ltr'><strong>sustulit.</strong></span> <span class='ocrx_word' id='word_1_202' title='bbox 1051 2336 1182 2396; x_wconf 84' lang='lat' dir='ltr'><strong>Post</strong></span> <span class='ocrx_word' id='word_1_203' title='bbox 1206 2338 1322 2414; x_wconf 81' lang='lat' dir='ltr'><strong>ejus</strong></span> <span class='ocrx_word' id='word_1_204' title='bbox 1355 2339 1560 2397; x_wconf 84' lang='lat' dir='ltr'>caedem</span> <span class='ocrx_word' id='word_1_205' title='bbox 1586 2338 1845 2419; x_wconf 85' lang='lat' dir='ltr'><strong>abrogata</strong></span> <span class='ocrx_word' id='word_1_206' title='bbox 1870 2336 1992 2399; x_wconf 86' lang='lat' dir='ltr'><strong>sunt</strong></span> 
     </span>
     <span class='ocr_line' id='line_1_28' title="bbox 462 2414 1990 2499; baseline -0.003 -20"><span class='ocrx_word' id='word_1_207' title='bbox 462 2422 581 2496; x_wconf 84' lang='lat' dir='ltr'><strong>ejus</strong></span> <span class='ocrx_word' id='word_1_208' title='bbox 602 2418 835 2478; x_wconf 82' lang='lat' dir='ltr'><strong>decreta.</strong></span> <span class='ocrx_word' id='word_1_209' title='bbox 858 2416 937 2477; x_wconf 85' lang='lat' dir='ltr'><strong>At</strong></span> <span class='ocrx_word' id='word_1_210' title='bbox 954 2418 1154 2476; x_wconf 80' lang='lat' dir='ltr'><strong>melior</strong></span> <span class='ocrx_word' id='word_1_211' title='bbox 1171 2416 1372 2475; x_wconf 82' lang='lat' dir='ltr'><strong>vindex</strong></span> <span class='ocrx_word' id='word_1_212' title='bbox 1393 2416 1710 2499; x_wconf 84' lang='lat' dir='ltr'><strong>virtutisque</strong></span> <span class='ocrx_word' id='word_1_213' title='bbox 1731 2414 1990 2492; x_wconf 84' lang='lat' dir='ltr'>adsertor,</span> 
     </span>
     <span class='ocr_line' id='line_1_29' title="bbox 460 2494 1995 2580; baseline 0.001 -23"><span class='ocrx_word' id='word_1_214' title='bbox 460 2520 493 2557; x_wconf 88' lang='lat' dir='ltr'>e</span> <span class='ocrx_word' id='word_1_215' title='bbox 536 2500 719 2580; x_wconf 64' lang='lat' dir='ltr'><strong>regins</strong></span> <span class='ocrx_word' id='word_1_216' title='bbox 736 2496 933 2558; x_wconf 82' lang='lat' dir='ltr'><strong>Prince</strong></span> <span class='ocrx_word' id='word_1_217' title='bbox 976 2494 1205 2565; x_wconf 77' lang='lat' dir='ltr'>sNerva</span> <span class='ocrx_word' id='word_1_218' title='bbox 1218 2499 1387 2556; x_wconf 87' lang='lat' dir='ltr'><strong>vetuit</strong></span> <span class='ocrx_word' id='word_1_219' title='bbox 1399 2519 1472 2557; x_wconf 87' lang='lat' dir='ltr'><strong>ne</strong></span> <span class='ocrx_word' id='word_1_220' title='bbox 1530 2500 1608 2556; x_wconf 86' lang='lat' dir='ltr'><strong>uis</strong></span> <span class='ocrx_word' id='word_1_221' title='bbox 1625 2515 1737 2556; x_wconf 79' lang='lat' dir='ltr'><strong>toto</strong></span> <span class='ocrx_word' id='word_1_222' title='bbox 1750 2499 1995 2577; x_wconf 64' lang='lat' dir='ltr'><strong>imperim</strong></span> 
     </span>
     <span class='ocr_line' id='line_1_30' title="bbox 458 2516 1992 2657; baseline -0.003 -18"><span class='ocrx_word' id='word_1_223' title='bbox 458 2516 723 2639; x_wconf 60' lang='lat' dir='ltr'><strong>ligotnano</strong></span> <span class='ocrx_word' id='word_1_224' title='bbox 748 2596 926 2637; x_wconf 87' lang='lat' dir='ltr'><strong>eunuc</strong></span> <span class='ocrx_word' id='word_1_225' title='bbox 968 2598 1029 2635; x_wconf 89' lang='lat' dir='ltr'><strong>us</strong></span> <span class='ocrx_word' id='word_1_226' title='bbox 1052 2574 1223 2635; x_wconf 86' lang='lat' dir='ltr'>fieret.</span> <span class='ocrx_word' id='word_1_227' title='bbox 1260 2574 1379 2636; x_wconf 90' lang='lat' dir='ltr'><strong>Dio</strong></span> <span class='ocrx_word' id='word_1_228' title='bbox 1403 2576 1456 2636; x_wconf 92' lang='lat' dir='ltr'><strong>L</strong></span> <span class='ocrx_word' id='word_1_229' title='bbox 1576 2576 1664 2650; x_wconf 87' lang='grc' dir='ltr'><strong>ΙΙ,</strong></span> <span class='ocrx_word' id='word_1_230' title='bbox 1697 2596 1772 2657; x_wconf 84' lang='lat' dir='ltr'><strong>pa</strong></span> <span class='ocrx_word' id='word_1_231' title='bbox 1815 2616 1829 2635; x_wconf 88' lang='lat'><strong>.</strong></span> <span class='ocrx_word' id='word_1_232' title='bbox 1851 2595 1920 2649; x_wconf 85' lang='lat'><strong>75</strong></span> <span class='ocrx_word' id='word_1_233' title='bbox 1929 2597 1992 2645; x_wconf 80' lang='lat'><strong>9.</strong></span> 
     </span>
     <span class='ocr_line' id='line_1_31' title="bbox 360 2653 1989 2739; baseline -0.003 -21"><span class='ocrx_word' id='word_1_234' title='bbox 360 2678 366 2684; x_wconf 89' lang='lat'><strong>·</strong></span> <span class='ocrx_word' id='word_1_235' title='bbox 458 2654 719 2719; x_wconf 90' lang='lat' dir='ltr'>LXVIII</span> <span class='ocrx_word' id='word_1_236' title='bbox 742 2703 760 2731; x_wconf 90' lang='lat'><em>,</em></span> <span class='ocrx_word' id='word_1_237' title='bbox 792 2676 926 2739; x_wconf 82' lang='lat' dir='ltr'><strong>pag.</strong></span> <span class='ocrx_word' id='word_1_238' title='bbox 949 2678 1084 2727; x_wconf 89' lang='lat'><strong>770.</strong></span> <span class='ocrx_word' id='word_1_239' title='bbox 1125 2654 1250 2717; x_wconf 82' lang='lat' dir='ltr'><strong>Lex</strong></span> <span class='ocrx_word' id='word_1_240' title='bbox 1287 2656 1459 2739; x_wconf 82' lang='lat' dir='ltr'><strong>digna</strong></span> <span class='ocrx_word' id='word_1_241' title='bbox 1475 2653 1732 2735; x_wconf 83' lang='lat' dir='ltr'><strong>Principe</strong></span> <span class='ocrx_word' id='word_1_242' title='bbox 1789 2658 1989 2735; x_wconf 86' lang='lat' dir='ltr'><strong>apien-</strong></span> 
     </span>
     <span class='ocr_line' id='line_1_32' title="bbox 460 2732 1991 2819; baseline -0.002 -23"><span class='ocrx_word' id='word_1_243' title='bbox 460 2734 700 2812; x_wconf 71' lang='lat' dir='ltr'>dffimo,</span> <span class='ocrx_word' id='word_1_244' title='bbox 748 2744 800 2795; x_wconf 91' lang='lat'>&amp;</span> <span class='ocrx_word' id='word_1_245' title='bbox 842 2735 1195 2796; x_wconf 85' lang='lat' dir='ltr'><strong>humanitatis</strong></span> <span class='ocrx_word' id='word_1_246' title='bbox 1242 2735 1556 2819; x_wconf 86' lang='lat' dir='ltr'><strong>virtutisque</strong></span> <span class='ocrx_word' id='word_1_247' title='bbox 1595 2732 1991 2793; x_wconf 68' lang='lat' dir='ltr'><strong>studiofiffimm</strong></span> 
     </span>
     <span class='ocr_line' id='line_1_33' title="bbox 459 2810 1988 2899; baseline -0.004 -22"><span class='ocrx_word' id='word_1_248' title='bbox 459 2814 664 2898; x_wconf 84' lang='lat' dir='ltr'><strong>Viguit</strong></span> <span class='ocrx_word' id='word_1_249' title='bbox 687 2815 778 2876; x_wconf 91' lang='lat' dir='ltr'><strong>sub</strong></span> <span class='ocrx_word' id='word_1_250' title='bbox 804 2818 1030 2897; x_wconf 86' lang='lat' dir='ltr'><strong>optimis</strong></span> <span class='ocrx_word' id='word_1_251' title='bbox 1056 2815 1398 2895; x_wconf 86' lang='lat' dir='ltr'><strong>Principibus</strong></span> <span class='ocrx_word' id='word_1_252' title='bbox 1418 2860 1436 2887; x_wconf 92' lang='lat'><strong>,</strong></span> <span class='ocrx_word' id='word_1_253' title='bbox 1459 2817 1554 2899; x_wconf 88' lang='lat' dir='ltr'><strong>qui</strong></span> <span class='ocrx_word' id='word_1_254' title='bbox 1577 2810 1988 2893; x_wconf 71' lang='lat' dir='ltr'><strong>auspicatilfima</strong></span> 
     </span>
     <span class='ocr_line' id='line_1_34' title="bbox 380 2890 1988 2975; baseline -0.003 -19"><span class='ocrx_word' id='word_1_255' title='bbox 380 2938 383 2941; x_wconf 31' lang='lat'><strong>⁴</strong></span> <span class='ocrx_word' id='word_1_256' title='bbox 460 2890 665 2956; x_wconf 82' lang='lat' dir='ltr'>Nervae</span> <span class='ocrx_word' id='word_1_257' title='bbox 710 2914 961 2975; x_wconf 85' lang='lat' dir='ltr'><strong>tempora</strong></span> <span class='ocrx_word' id='word_1_258' title='bbox 1006 2893 1127 2955; x_wconf 86' lang='lat' dir='ltr'><strong>sunt</strong></span> <span class='ocrx_word' id='word_1_259' title='bbox 1172 2893 1355 2953; x_wconf 86' lang='lat' dir='ltr'><strong>secuti.</strong></span> <span class='ocrx_word' id='word_1_260' title='bbox 1415 2890 1609 2952; x_wconf 82' lang='lat' dir='ltr'>Postea</span> <span class='ocrx_word' id='word_1_261' title='bbox 1630 2938 1646 2966; x_wconf 86' lang='lat'>,</span> <span class='ocrx_word' id='word_1_262' title='bbox 1683 2892 1988 2951; x_wconf 82' lang='lat' dir='ltr'><strong>iabentibus</strong></span> 
     </span>
     <span class='ocr_line' id='line_1_35' title="bbox 458 2970 1988 3053; baseline -0.003 -18"><span class='ocrx_word' id='word_1_263' title='bbox 458 2976 621 3037; x_wconf 85' lang='lat' dir='ltr'><strong>annis</strong></span> <span class='ocrx_word' id='word_1_264' title='bbox 671 2980 725 3035; x_wconf 71' lang='grc' dir='ltr'><strong>δε</strong></span> <span class='ocrx_word' id='word_1_265' title='bbox 771 2974 1013 3048; x_wconf 73' lang='lat' dir='ltr'><strong>moribus</strong></span> <span class='ocrx_word' id='word_1_266' title='bbox 1039 3020 1055 3049; x_wconf 87' lang='lat'>,</span> <span class='ocrx_word' id='word_1_267' title='bbox 1099 2973 1312 3031; x_wconf 83' lang='lat' dir='ltr'><strong>mollita</strong></span> <span class='ocrx_word' id='word_1_268' title='bbox 1343 2972 1468 3048; x_wconf 58' lang='lat' dir='ltr'><strong>‘est3</strong></span> <span class='ocrx_word' id='word_1_269' title='bbox 1510 2970 1888 3053; x_wconf 84' lang='lat' dir='ltr'><strong>sancitumque</strong></span> <span class='ocrx_word' id='word_1_270' title='bbox 1917 2970 1988 3031; x_wconf 72' lang='lat' dir='ltr'><strong>&#39;ut</strong></span> 
     </span>
     <span class='ocr_line' id='line_1_36' title="bbox 459 3049 1981 3133; baseline -0.001 -22"><span class='ocrx_word' id='word_1_271' title='bbox 459 3052 553 3133; x_wconf 75' lang='lat' dir='ltr'><strong>qui</strong></span> <span class='ocrx_word' id='word_1_272' title='bbox 599 3053 865 3113; x_wconf 77' lang='lat' dir='ltr'><strong>hominem</strong></span> <span class='ocrx_word' id='word_1_273' title='bbox 910 3054 1142 3113; x_wconf 79' lang='lat' dir='ltr'><strong>invitum</strong></span> <span class='ocrx_word' id='word_1_274' title='bbox 1170 3097 1189 3125; x_wconf 93' lang='lat'>,</span> <span class='ocrx_word' id='word_1_275' title='bbox 1249 3049 1497 3111; x_wconf 79' lang='lat' dir='ltr'><strong>libidinis</strong></span> <span class='ocrx_word' id='word_1_276' title='bbox 1544 3068 1642 3110; x_wconf 80' lang='lat' dir='ltr'><strong>aut</strong></span> <span class='ocrx_word' id='word_1_277' title='bbox 1689 3050 1981 3125; x_wconf 74' lang='lat' dir='ltr'><strong>promercii</strong></span> 
     </span>
     <span class='ocr_line' id='line_1_37' title="bbox 452 3124 1980 3214; baseline -0.003 -21"><span class='ocrx_word' id='word_1_278' title='bbox 452 3130 621 3212; x_wconf 71' lang='lat' dir='ltr'><strong>cauffl</strong></span> <span class='ocrx_word' id='word_1_279' title='bbox 658 3130 1011 3214; x_wconf 75' lang='lat' dir='ltr'><strong>castraverit,</strong></span> <span class='ocrx_word' id='word_1_280' title='bbox 1050 3126 1462 3214; x_wconf 61' lang='lat' dir='ltr'><strong>ccgſtrandumve</strong></span> <span class='ocrx_word' id='word_1_281' title='bbox 1497 3129 1778 3192; x_wconf 76' lang='lat' dir='ltr'><strong>curaverit</strong></span> <span class='ocrx_word' id='word_1_282' title='bbox 1794 3172 1817 3207; x_wconf 89' lang='lat'>‚</span> <span class='ocrx_word' id='word_1_283' title='bbox 1843 3124 1980 3209; x_wconf 77' lang='lat' dir='ltr'><strong>stre</strong></span> 
     </span>
    </p>
   </div>
  </div>
 </body>
</html>
