2294 3870
427 195 544 293 ‘722‘-
652 185 743 271 'Ct
789 189 1335 268 Conuntrx
1391 185 1758 274 TAcrrr

437 320 727 396 dubium
774 314 1134 391 haberetur
1160 374 1183 408 ,
1240 319 1790 420 magnitudinem
1844 307 2004 420 pes

179 416 248 470 Α·
268 421 330 470 U·
349 419 411 470 C·
440 421 647 496 cuniae
707 416 891 491 malo
944 416 1211 493 vertisse
1241 475 1264 508 ,
1311 418 1728 519 aurariasque
1779 415 1983 518 ejus{

179 608 186 616 .
238 507 376 594 ⁷⁸⁶·
438 547 854 623 quamquam
908 518 1411 620 publicarentur
1442 576 1465 610 ,
1524 520 1800 594 sibimet
1848 520 1973 593 Ti-

229 603 277 659 'J'
307 605 369 654 C·
437 623 660 698 berius
703 616 1012 722 seposuit.
1080 618 1533 719 Inritatusque
1574 618 1913 722 suppliciis
1944 674 1970 709 ‚

253 703 352 765 '³3’
435 727 708 796 cunCtos
735 777 758 810 ,
799 720 921 820 qui
942 746 1208 795 carcere
1236 721 1697 794 attinebantur
1718 779 1741 810 ,
1790 731 1991 792 acca-²

433 822 557 898 sati
594 818 929 896 societatis
968 847 1128 894 cum
1169 821 1409 920 Sejano
1431 878 1456 911 ,
1498 822 1726 896 necari
1766 818 1975 896 ‘ubet.

435 921 660 1006 Jacui’t
715 918 1052 995 immensa
1105 923 1348 1036 strages
1383 951 1401 993 ι
1457 922 1681 996 omnis
1765 947 1922 994 exus
1946 927 1993 1010 ,³

439 1024 664 1100 omnis
685 1047 836 1097 aetas
857 1051 874 1094 ε
897 1021 1225 1112 inlustres,
1250 1021 1588 1126 ignobiles
1612 1052 1629 1094 ε
1658 1019 1927 1122 dispersi
1950 1077 1976 1110 ‚

438 1149 556 1200 aut
618 1122 918 1226 aggerati
967 1153 984 1196 z
1057 1149 1285 1224 neque
1326 1122 1732 1240 propinquis
1769 1177 1792 1211 ,
1858 1127 1990 1194 aut'

319 1291 328 1303 .
435 1224 675 1300 amicis
709 1222 1012 1298 adsistere
1037 1280 1063 1315 ‚
1110 1223 1538 1298 inlacrimare
1566 1280 1589 1313 ,
1634 1250 1722 1297 ne
1763 1219 1973 1296 visere
2052 1303 2060 1308 g

437 1324 730 1428 quidem
755 1323 1010 1397 diutius
1039 1322 1327 1398 dabatur
1350 1352 1373 1420 3
1414 1322 1532 1398 sed
1559 1322 1977 1422 circumjeffl

439 1424 742 1501 custodes
763 1481 786 1514 ,
808 1434 881 1499 δε
901 1425 974 1498 in
999 1423 1682 1523 maerorem-cujusque
1704 1423 1977 1512 intenti,

433 1552 724 1627 corpora
771 1521 1144 1624 putrefatfita
1192 1522 1699 1597 adsestabantur
1726 1581 1750 1612 ,
1802 1523 1976 1597 dum

438 1629 514 1702 in
545 1625 865 1700 Tiberim
905 1625 1372 1698 traherentur:
1419 1624 1539 1696 ubi
1584 1623 1918 1696 fluitantia
1949 1680 1974 1713 ,
2022 1682 2031 1692 .
2088 1659 2097 1668 ·

437 1751 555 1803 aut
573 1725 731 1828 ripis
750 1721 1066 1826 adpulsa,
1091 1752 1236 1797 non
1262 1750 1561 1798 cremare
1588 1721 1975 1824 quisquam,

438 1855 580 1904 non
627 1825 1046 1928 contingere.
1118 1824 1563 1900 Interciderat
1616 1822 1687 1914 so
1724 1825 1809 1898 tis
1852 1824 1977 1898 hu-

438 1956 654 2005 manae
681 1925 1180 2002 commercium
1209 1927 1276 2002 vi
1304 1925 1567 2023 metfis3
1602 1849 1977 2026 qantum-
2018 2016 2025 2021 .

434 2056 573 2131 ‘que
598 2026 842 2102 saevitia
867 2026 1177 2131 glisceret
1197 2084 1221 2117 ,
1240 2026 1583 2101 miseratio
1606 2026 1975 2102 arcebatur.

539 2130 704 2203 XX.
737 2133 874 2207 Suu,
907 2129 1097 2203 idem
1133 2154 1401 2229 tempus
1426 2124 1753 2203 C.Caesar
1778 2186 1801 2218 ,
1846 2124 1978 2203 dis:-

441 2229 715 2304 cedenti
740 2233 849 2302 Ca
897 2258 1038 2303 reas
1072 2257 1200 2301 avo
1228 2242 1501 2316 comes,
1550 2225 1918 2303 Claudiam
1946 2285 1972 2317 ,

440 2332 551 2405 M.
577 2328 784 2401 Silani
815 2259 1077 2417 fiffiarn,
1126 2330 1447 2430 conjugio
1480 2329 1785 2430 accepit.;
1832 2329 1973 2401 im-

437 2454 719 2501 manem
740 2429 1051 2504 animum
1070 2426 1353 2503 subdola
1370 2428 1695 2503 modestia
1706 2454 1972 2530 tegens,

437 2556 582 2601 non
608 2527 1050 2603 damnatione
1079 2530 1315 2603 matris
1344 2589 1369 2621 ‚
1398 2560 1541 2604 non
1574 2527 1798 2602 exfilio
1814 2522 1971 2600 'fra-

439 2653 622 2703 trum
648 2629 841 2732 rupta
865 2657 1030 2705 voce
1062 2658 1098 2726 ς,
1135 2630 1413 2731 qualem
1438 2632 1512 2702 in
1536 2629 1726 2702 diem
1754 2627 1989 2703 Tibe--

439 2729 576 2803 rius
599 2728 916 2805 induisset
931 2789 954 2821 ,
1029 2733 1126 2805 ari
1150 2731 1385 2807 habitu
1408 2788 1431 2822 ‚
1455 2730 1641 2803 haud
1669 2727 1985 2803 multum

441 2830 835 2931 distantibus
858 2760 1100 2907 vergis.
1129 2832 1339 2907 Unde
1363 2858 1521 2904 mox
1553 2829 1799 2906 scitum
1824 2828 1978 2903 Pas-

441 2929 607 3006 fieni
653 2934 935 3009 oratoris
974 2932 1235 3007 diest-um
1278 2929 1661 3032 percrebuit
1689 2990 1712 3022 ,
1765 2965 1807 2997 α
1824 2932 1967 3003 Ne-

439 3066 486 3101 »
545 3060 630 3107 ue
653 3034 1012 3109 meliorem
1023 3052 1365 3127 umquam
1394 3031 1663 3107 servum
1688 3077 1712 3121 5
1742 3032 1981 3125 neque‘

441 3060 910 3223 »deteriorem
985 3130 1352 3215 dominum
1425 3132 1619 3214 fuiss‘e
1642 3166 1716 3203 an.
1798 3130 1983 3201 Non·'

465 3230 468 3235 ’
1614 3225 1965 3306 omiserim

437 3316 486 3335 Β.
