2294 3870
261 732 286 760 l

441 268 596 336 :372
701 241 784 310 IN
815 241 1409 312 §uramentum
1464 238 1617 311 Lm.
1666 231 1759 312 X.

449 359 597 418 Sinis
630 359 708 415 im
754 376 884 417 erat.
942 353 1160 417 Ver-tim
1199 356 1423 416 occulta.
1448 353 1621 436 gliscit
1659 355 1838 415 libido
1860 400 1877 429 ‚
1922 362 1987 414 δε

447 436 708 496 mendaci
748 458 808 496 us
839 433 1087 494 sororum
1117 454 1211 494 aut
1248 437 1696 515 propinquarum
1725 437 1985 493 nomini-

449 516 552 578 bus
593 513 883 596 obtegitur.
1882 588 1886 592 Ἴ

529 593 786 674 Superest
827 613 886 652 ut
927 596 1079 654 varia
1121 594 1379 653 evolvam
1418 591 1805 652 eunuchorum
1846 588 1989 653 fata·

423 670 770 753 ‘'Antiqmtus
789 673 850 730 in
869 693 1100 752 poenam
1121 674 1363 732 criminis
1387 691 1569 732 ortam
1590 669 1695 730 effe
1711 669 1985 729 infamem

449 773 642 812 eorum
691 749 1074 811 conditionem
1103 747 1345 831 superius
1382 749 1515 809 dixi.
1568 749 1739 810 Circa
1778 748 1987 809 Christi

452 848 706 909 tempora
730 876 748 904 ,
793 827 924 889 etim
973 831 1224 913 dynastia
1272 830 1401 888 Han
1449 830 1596 889 Sinis
1642 831 1944 908 imperaret
1966 871 1987 898 ,

452 907 604 968 defiit
631 911 886 970 castratio
911 912 1054 969 inter
1079 907 1347 990 supplicia
1367 907 1573 972 haberi.
1613 906 1769 965 Tum
1796 904 1987 965 acces-

449 984 590 1046 serat
611 985 771 1048 favor
793 995 850 1046 δι
879 987 1139 1065 fortuna5
1180 985 1469 1073 multisque
1502 986 1706 1065 volupe
1746 1005 1862 1048 erat
1895 983 1985 1043 vel

451 1087 558 1146 per
589 1063 670 1126 sui
708 1070 958 1147 corporis
1001 1068 1386 1132 detrimentum
1425 1087 1549 1125 eam
1590 1065 1797 1124 ambire
1820 1086 1841 1122 ι
1878 1085 1992 1143 pa-

453 1164 638 1205 rentes
681 1148 848 1218 etiam
893 1139 1104 1208 nobile's
1142 1148 1387 1228 aliquem
1426 1145 1725 1204 liberorum
1764 1139 1992 1204 suorum

456 1225 608 1286 ultro
630 1245 695 1284 ac
717 1225 951 1285 libenter
970 1228 1032 1284 ei'
1049 1225 1391 1284 destinabant
1414 1269 1433 1295 ‚
1472 1243 1541 1304 ug
1566 1223 1887 1282 auctoritate
1926 1223 1989 1286 in

455 1304 584 1362 aula
631 1305 892 1364 valerent.
947 1304 1062 1364 Sed
1103 1303 1232 1364 etim
1280 1303 1525 1383 proclive
1568 1301 1626 1361 fit
1671 1299 1993 1362 hominibus

461 1385 705 1442 maxime
761 1383 1086 1450 imbellibus,
1122 1381 1473 1466 turpibusque
1523 1381 1743 1441 fortuna
1801 1372 1947 1448 aButi
1970 1425 1995 1453 ,

459 1461 703 1521 eunuchi
737 1464 802 1538 iis
845 1465 906 1520 in
957 1464 1144 1544 regnis
1192 1463 1286 1536 ubi
1338 1481 1679 1541 praepotuere
1700 1505 1717 1533 ‚
1766 1461 1845 1520 ita
1885 1481 1993 1539 pro

460 1541 688 1600 arbitrio
713 1547 770 1598 &
790 1541 1018 1600 libidine
1039 1543 1239 1600 cuneta
1264 1543 1469 1600 vertere
1490 1585 1507 1614 ,
1542 1537 1809 1621 totiesque
1830 1537 1990 1597 Prin-

461 1622 516 1678 ci
557 1619 678 1677 ibus
701 1620 918 1678 ruinam
941 1641 1192 1680 creavere
1210 1665 1229 1693 ‚
1254 1638 1312 1677 ut
1331 1665 1348 1692 ,
1376 1615 1502 1676 licet
1520 1639 1716 1676 eorum
1739 1617 1991 1676 conditio

457 1641 788 1774 acfpoenam
833 1700 1080 1758 criminis
1113 1721 1229 1758 non
1264 1696 1323 1755 fit
1352 1715 1607 1756 revocata
1632 1741 1650 1769 ‚
1692 1695 1988 1778 multisque

457 1775 766 1834 ministeriis
786 1796 888 1854 per
905 1775 1152 1837 Orientis
1174 1796 1347 1857 regna
1367 1772 1719 1856 superbiant,
1746 1777 1852 1834 ini
1898 1797 1993 1834 no-

455 1852 674 1912 bilitatis
706 1873 893 1914 tamen
920 1862 973 1914 &
997 1855 1235 1914 infamiae
1258 1854 1451 1914 ordine
1472 1856 1833 1919 retineantur,-
1854 1796 1991 1914 {lec

457 1933 574 2011 jam
615 1933 818 2018 ubique
861 1933 998 1994 fiunt
1032 1933 1271 1995 eunuchi
1295 1981 1313 2010 ,
1359 1931 1458 1993 nifi
1504 1934 1741 2016 egestate
1782 1954 1849 1994 ac
1886 1955 1991 1993 ne·-

457 2011 699 2085 ceffitate
749 2012 1033 2093 compulsi.
1091 2013 1268 2094 Apud
1314 2014 1475 2074 Sinas
1500 2060 1517 2087 ‚
1571 2011 1698 2073 etim
1751 2014 1989 2073 eunuchi

457 2112 660 2152 omnes
697 2094 766 2152 ad
787 2093 1104 2173 Principem
1127 2097 1439 2174 pertineant
1462 2090 1685 2175 ejustjue
1709 2091 1807 2151 fint
1826 2093 1955 2166 juris
1970 2136 1989 2165 ,

461 2192 574 2247 nec
599 2173 671 2230 ab
696 2172 814 2231 aliis
843 2173 1111 2250 judicibus
1135 2178 1195 2234 in
1228 2194 1325 2233 eos
1350 2170 1613 2233 sententia
1640 2170 1767 2231 ferri
1790 2169 1949 2249 poffit
1970 2216 1992 2243 ,

459 2253 812 2329 reperiuntur
844 2249 1106 2311 scelerum
1135 2256 1254 2325 rei,
1298 2255 1395 2333 qui
1416 2297 1433 2324 ,
1473 2251 1729 2330 adempti
1762 2250 1857 2308 fibi
1898 2252 1989 2308 vi-

458 2332 659 2389 rilitate
680 2375 699 2402 ,
733 2332 1122 2409 impunitatem
1164 2342 1429 2411 qu‘aerant.
1482 2330 1571 2389 Illi
1605 2330 1839 2389 eunuchi
1878 2350 1987 2407 ap-

460 2408 737 2489 pellantur
775 2411 904 2467 Pan
939 2406 1026 2465 lou
1049 2454 1068 2481 ‚
1109 2407 1171 2465 id
1212 2410 1289 2467 est
1322 2406 1553 2469 dimidia
1586 2409 1731 2482 vici‚·
1775 2416 1829 2466 δι
1868 2405 1991 2467 sunt

461 2505 695 2546 numero
712 2487 911 2563 pauci,
941 2486 1187 2569 nequitia
1208 2485 1503 2548 foediffimi.
1524 2485 1699 2566 Quod
1720 2487 1991 2568 [iugulare

460 2566 540 2623 est
555 2566 615 2622 in
635 2562 752 2647 hac„
761 2561 1146 2635 eunuchorum
1162 2566 1393 2627 infamia
1412 2614 1430 2641 ‚
1452 2569 1511 2627 in
1530 2568 1741 2647 palatio
1758 2566 1990 2625 ministri

465 2639 798 2723 templorum
824 2690 842 2717 ,
883 2642 980 2704 des
1003 2644 1295 2727 Pa'godes,
1338 2644 1461 2707 sunt
1484 2645 1763 2721 eunuchi3
1800 2652 1854 2703 &
1881 2666 1987 2724 pro

464 2724 628 2789 variis
659 2723 1020 2862 relggionibus
1050 2722 1171 2785 sunt
1198 2726 1436 2786 eunuchi
1464 2726 1659 2786 Bonzii
1682 2771 1699 2798 ,
1732 2722 1952 2803 Bouzes
1971 2768 1994 2801 ,

467 2802 707 2863 eunuchi
783 2822 854 2862 αο
882 2803 990 2864 See
1011 2851 1030 2879 ,
1073 2805 1310 2865 eunuchi
1337 2804 1539 2867 Lama.
1584 2804 1991 2865 Constantino-

465 2884 590 2961 poli
613 2882 762 2962 apud
784 2882 1092 2943 Turcarum
1117 2884 1513 2963 Imperatorem
1540 2882 1776 2944 eunuchi
1802 2884 1993 2942 colore

461 2960 894 3044 distinguuntur.
925 2962 1056 3020 Albi
1080 2984 1250 3041 penes
1272 2962 1588 3043 Principem
1610 3008 1625 3035 ,
1655 2964 1801 3043 nigri
1817 2982 1990 3042 penes

463 3038 706 3099 feminas
722 3040 972 3103 serviunt.
987 3040 1194 3101 Eorum
1216 3040 1465 3116 ducibuS,
1480 3040 1676 3115 Kap'ou
1698 3047 1831 3123 Aga
1848 3044 1988 3101 inter
2018 3110 2025 3117 q

467 3116 625 3255 albgs
648 3120 876 3208 ,oKtssar
899 3122 1030 3202 Aga
1047 3123 1193 3181 inter
1210 3123 1434 3203 nigroS,
1461 3118 1630 3204 quim
1654 3123 1897 3181 maxima
1908 3120 2019 3177 est‘

467 3213 542 3252 au
598 3214 784 3257 oritas.
