2294 3870
505 215 710 288 Lrn.
763 211 896 286 IX.
948 230 1549 284 Anxanum·
1674 231 1812 308 2¹5

272 355 553 434 quoque
600 333 937 408 veteranis
963 390 986 426 ,
1040 330 1399 422 conditum
1451 333 1525 406 O
1573 331 1817 434 pidum
1838 365 2079 412 Ξ
2106 423 2127 440 Ι

271 462 540 512 novum
573 462 596 529 3
643 445 714 508 δε
743 435 1021 508 Latium
1045 433 1285 507 datum
1312 431 1455 533 Tip
1607 462 1625 505 ε
1666 435 1816 508 Ru.
1838 432 1901 484 Α.
1924 437 1983 486 υ.
2006 435 2077 488 e.

272 533 620 610 suc'urium
669 533 945 610 civitate
997 535 1433 608 honoratum.
1525 535 1817 610 Interim
1890 527 2029 584 ⁷95·

273 634 804 710 Musulanorum
833 662 1043 710 manu
1063 690 1086 724 ,
1111 631 1521 708 Numidiam
1536 636 1817 712 turbare

275 735 436 810 ausa
452 794 477 827 ‚
516 733 686 809 vieta
712 735 1008 836 caesfique
1031 792 1058 826 ,
1096 727 1549 834 tranquillitas
1568 737 1637 810 N
1641 738 1824 812 umi—

277 835 408 912 diae
450 837 542 910 est
581 834 871 915 reddita.

385 937 620 1010 XXX.
633 937 982 1010 Romuo
1003 935 1297 1009 nomine
1307 933 1489 1037 apud
1504 933 1823 1014 barbaros

271 1035 372 1112 ita
401 1032 886 1111 inclarescente
912 1091 935 1124 ,
987 1031 1175 1109 fame
1216 1036 1293 1108 in
1319 1037 1515 1110 Urbe
1554 1035 1824 1112 labora-

1882 608 1934 658 J.
1972 607 2039 658 C.

1913 701 2019 758 42·

273 1135 470 1216 batur
492 1133 587 1208 ob
614 1129 850 1210 luxum
873 1145 946 1212 &
969 1132 1343 1250 superstites
1362 1137 1637 1212 Caianae
1660 1138 1823 1212 stul-
1936 1157 1943 1164 ’

276 1236 440 1313 titiae
494 1233 810 1335 reliquias
863 1264 1082 1338 magis
1123 1294 1149 1326 ,
1219 1236 1431 1336 quam
1490 1263 1824 1314 terrarum

209 1357 220 1368 ·
277 1333 798 1414 infecunditate.
861 1339 1180 1439 Princeps
1210 1336 1444 1410 innata
1467 1338 1775 1414 bonitate
1798 1393 1825 1430 ‚

278 1462 609 1538 metuque
631 1425 851 1540 plebis
869 1494 893 1528 ,
919 1465 1305 1538 numquam
1326 1435 1783 1518 insolentioris
1796 1491 1829 1530 ,

281 1538 497 1640 quam
519 1537 680 1614 cum
703 1537 782 1614 ea
804 1538 1271 1614 tumultuandi
1292 1537 1641 1614 oecafione
1664 1539 1830 1614 abu·-

281 1641 450 1713 titur
476 1697 498 1728 ‚
544 1638 824 1742 publicae
855 1640 1150 1743 penuriae
1174 1640 1249 1713 in
1284 1637 1629 1742 praesentia'l
1662 1639 1825 1716 sub-

281 1740 476 1814 venit
500 1795 522 1827 ,
574 1741 1106 1841 negotiatoribus
1140 1739 1446 1843 lucrispe
1474 1743 1777 1816 excitatis
1794 1799 1823 1832 ‚

283 1849 360 1916 &
388 1838 686 1943 suscepto
706 1840 782 1913 in
809 1838 876 1914 se
907 1841 1167 1916 damno
1194 1897 1216 1930 ,
1246 1839 1293 1912 fi
1316 1841 1485 1941 quid
1505 1870 1624 1944 per
1646 1868 1827 1916 tem*

283 1940 567 2043 pestates
598 1939 958 2016 accidisset.
1011 1940 1293 2015 Facilius
1330 1942 1678 2041 majusque
1716 1943 1829 2015 in·-

286 2064 748 2117 citamentum
778 2094 800 2127 ,
856 2040 1151 2123 honores
1178 2039 1495 2112 addiditz
1540 2040 1831 2129 civibus-
1884 2032 1901 2043 “
1920 2084 1935 2099 1

287 2168 428 2243 que
449 2200 471 2232 ,
517 2140 639 2239 qui
667 2167 870 2214 naves
897 2162 1287 2211 mercaturae
1314 2138 1509 2211 causa
1546 2137 1835 2213 fabrica-

290 2265 447 2317 rent
476 2298 497 2330 ‚
532 2240 962 2315 vacationem
1003 2238 1209 2341 Legis
1248 2239 1461 2340 Papiae
1494 2242 1833 2341 Poppaeaeg

291 2342 553 2419 Latinis
590 2351 694 2442 jus
729 2340 1161 2435 Quiritium3
1211 2336 1490 2415 feminis
1530 2350 1633 2441 jus
1672 2368 1839 2440 qua-

293 2469 450 2519 tuor
496 2442 870 2519 liberorum
914 2440 1275 2515 constituit.
1332 2442 1503 2535 Quae
1544 2442 1834 2542 quidem

219 2554 224 2557 ’
289 2545 373 2621 in
405 2541 592 2615 tanta
625 2541 862 2639 legum
891 2540 1269 2615 mutatione
1298 2539 1624 2619 duravere
1649 2599 1673 2633 ‚
1718 2540 1841 2616 usu

293 2654 372 2723 δε
395 2639 795 2713 ‘necestitate
841 2635 1138 2711 defensa.
1826 2694 1833 2701 .

365 2731 671 2815 'XXXL
715 2740 998 2811 Forum
1045 2762 1321 2835 quoque
1362 2735 1723 2839 providuS,
1764 2752 1839 2817 &-

287 2840 555 2919 ¹veritus
592 2866 682 2913 ne
707 2896 730 2928 ,
783 2838 878 2913 ob
921 2836 1395 2940 tempestatum
1447 2835 1721 2911 adversa
1766 2850 1841 2915 δε

297 2938 800 3044 importuosum
831 2965 1018 3015 mare
1041 2995 1064 3028 ‚
1109 2935 1355 3012 eadem
1401 2937 1657 3012 rediret
1698 2936 1837 3013 fra<

305 3050 474 3143 g'um
516 3042 766 3143 egestas
790 3099 813 3131 ,
861 3066 1067 3143 opera
1108 3038 1433 3139 duopari
1464 3048 1537 3113 δε
1566 3037 1838 3114 inenar-
1904 3057 1920 3066 “

305 3140 504 3225 rabili
526 3141 886 3246 impendio
902 3198 930 3233 ,
971 3140 1265 3219 utilitate
1290 3148 1362 3217 δε
1388 3163 1577 3217 exitu
1594 3139 1838 3246 dispari
1864 3202 1883 3210 -
