2294 3870
433 204 576 274 320
659 179 746 248 ΙΝ
803 158 1375 254 StiPPLEMENTuM
1426 176 1577 248 Lm.
1627 176 1833 253 VHL

509 296 752 391 Argenti
803 296 935 359 vlm.
1001 295 1222 356 Strenas
1264 294 1532 358 Kalendis
1580 296 1830 363 januarii
1885 300 1975 358 ita

435 396 648 455 accepit
675 374 953 455 Augustus
977 420 995 447 ,
1037 394 1098 433 ut
1135 373 1387 433 dantibus
1420 374 1582 453 plura
1616 378 1971 459 elargiretur.

433 454 552 513 Dio
585 474 692 513 ux
720 498 738 527 ,
767 460 831 532 p:
860 462 992 525 546.
1040 450 1538 536 Absentisquoque
1572 458 1633 513 in
1669 455 1971 537 Capitolio

433 533 649 594 oblatae.
673 531 902 591 Sueten.
936 534 998 591 in
1029 530 1185 613 Aug.
1221 533 1371 611 Cap.
1398 550 1489 605 57.
1514 532 1771 595 Tiberius
1798 582 1818 610 ‚
1851 538 1972 596 mi-

435 612 590 671 nime}
637 612 809 669 comis
856 612 1167 691 Imperator
1194 657 1211 685 ,
1258 612 1416 671 usum
1461 612 1612 673 hunc
1656 615 1975 697 abrogavit.
2048 642 2055 646 ·

437 690 556 757 Dio
586 710 726 751 nvn
747 736 766 762 ,
788 709 939 772 pag.
967 700 1098 763 607.
1141 682 1317 753 Caius
1336 737 1353 765 ‚
1396 692 1688 767 majestatis
1716 697 1971 754 incutio-

435 766 521 828 sus
537 770 840 849 ,pecuniae
857 770 1044 829 avidus
1069 816 1085 844 ,
1123 771 1283 829 istum
1319 771 1559 831 restituit.
1582 774 1881 841 Suetonius
1908 776 1973 832 in

433 846 581 906 Caio
604 894 622 923 ‚
656 849 806 929 Cap.
833 872 931 921 42.
973 848 1177 909 Edixit
1222 848 1283 909 θ’
1304 846 1531 929 strenas
1567 852 1791 912 ineunte
1816 871 1973 911 anno

413 927 486 1007 ,st
529 946 871 1004 recepturum
892 973 911 1001 ,
937 928 1192 1010 stetitque
1227 928 1287 988 in
1323 926 1576 1008 vestibulo
1616 929 1818 991 aedium
1838 929 1975 990 Ka-

433 1004 620 1067 lendis
641 1006 948 1069 ,Ianuariis
971 1006 1044 1067 ad
1065 1006 1554 1099 captandas-stipes
1573 1055 1593 1084 ‚
1628 1030 1767 1089 quas
1786 1008 1977 1086 plenis

435 1101 574 1145 ante
610 1107 732 1147 eum
768 1086 1026 1159 manibus
1065 1106 1134 1147 ac
1155 1086 1293 1167 finu
1331 1106 1509 1147 omnis
1536 1088 1763 1167 generis
1806 1087 1977 1147 turba

415 1161 724 1239 fundebat.
774 1164 980 1305 616Jgum
1026 1165 1293 1227 Claudius
1333 1168 1533 1226 iterum
1582 1163 1804 1227 sustulit.
1852 1166 1979 1227 Dio

439 1262 526 1301 Lx
554 1291 570 1318 ‚
602 1268 678 1325 pa
720 1288 736 1304 .
892 1278 914 1304 .>

523 1323 686 1385 Simu
711 1325 844 1387 atio.
888 1325 1008 1386 Dio
1033 1344 1143 1385 ux
1167 1370 1187 1401 ,
1218 1346 1353 1407 pag.
1381 1334 1514 1397 659.

529 1482 682 1543 CAP.
701 1482 904 1543 XXX.
925 1480 1114 1543 Tertio
1133 1478 1361 1555 Nonas,
1389 1482 1507 1541 Die
1529 1482 1686 1541 tertio
1708 1478 1985 1547 januarii.

446 1560 570 1621 Dio
592 1607 608 1634 ‚
635 1564 744 1623 loc.
767 1565 855 1619 cit.
892 1560 1028 1619 Hoc
1055 1558 1144 1615 die
1167 1560 1630 1637 nuncupabantur
1651 1580 1802 1619 vota.
1843 1561 1984 1621 Inde

444 1642 508 1698 in
548 1636 1324 1699 Kalendario-Herwartiano
1351 1681 1369 1707 ,
1400 1636 1484 1695 111
1512 1657 1662 1697 nou.
1703 1658 1988 1703 mmmm.

447 1736 624 1775 tvm.
656 1734 985 1777 voronvu
1028 1733 1462 1773 nvncvm‘rm.

520 1792 716 1855 Pridie
755 1792 904 1871 Idus·
942 1791 1283 1855 Januarias.
1346 1793 1460 1853 Die
1500 1794 1837 1856 duodecimo
1880 1796 1990 1861 Ja-

443 1875 643 1933 nuarii.
664 1874 823 1950 Dio„
853 1875 963 1938 loc,
987 1878 1078 1933 cit.
1112 1870 1373 1935 Rotunde
1396 1873 1692 1937 Suetonius
1714 1878 1774 1935 in
1802 1876 1995 1958 Caio,

445 1951 598 2034 Cap.
629 1977 720 2026 17.
743 1979 750 1985 ·
777 1955 948 2036 Uftque
976 1955 1033 2014 in
1062 1949 1216 2013 Idus.

425 2055 432 2063 ·
531 2033 784 2116 Luciique
803 2033 957 2098 editi.
983 2033 1077 2096 Ab
1099 2033 1387 2094 orchestrae
1413 2035 1667 2100 societate
1690 2033 1815 2095 editi
1834 2032 1995 2099 sunt.

427 2117 571 2178 ‘Dio
592 2163 610 2190 ‚
647 2117 759 2175 loc.
788 2118 880 2178 cit.
1762 2117 1787 2124 ’“

533 2275 686 2334 Cn.
727 2271 958 2334 XXXI.
1007 2263 1310 2354 Agrippam
1363 2271 1427 2330 ὃ·
1476 2270 1840 2334 Antiochum.
1892 2270 1991 2334 De

452 2354 650 2440 quibus
688 2352 893 2410 dictum
937 2351 1092 2430 supr}
1121 2349 1331 2408 Annal.
1354 2348 1469 2422 Vn
1484 2395 1505 2422 ,
1549 2371 1641 2408 11.

457 2477 474 2494 .
536 2429 856 2492 Incendere.
905 2431 1026 2488 Dio
1063 2447 1173 2486 ux
1201 2473 1217 2501 ,
1251 2448 1385 2510 pag.
1420 2432 1553 2501 658.
1976 2453 1984 2460 ·

534 2506 811 2590 Miscellos
843 2503 1021 2570 ludos.
1083 2508 1317 2567 Sueton-
1354 2510 1415 2566 in
1461 2507 1605 2568 Caio
1636 2551 1651 2579 ‚
1698 2507 1847 2590 Cap.
1894 2529 1991 2567 20.

439 2589 596 2650 ·Non
649 2607 761 2646 una
809 2606 928 2647 erat
979 2586 1237 2647 ludorum
1287 2584 1496 2667 species
1526 2633 1542 2661 ,
1592 2584 1681 2644 sed
1719 2608 1786 2648 ex
1828 2589 1992 2648 variis

439 2670 718 2731 .ludorum
753 2664 1035 2748 speciebus
1074 2689 1199 2728 com
1246 2663 1494 2726 endiario
1535 2688 1661 2725 com
1706 2665 1856 2726 ofita.

459 2821 468 2824 ,
511 2747 792 2810 .Flum1'ne
827 2750 1094 2822 proximo-
1160 2747 1211 2806 R
1252 2745 1439 2805 odano
1461 2793 1479 2821 ‚
1514 2743 1562 2804 le
1603 2745 1649 2803 R
1692 2746 1793 2805 6ne
1830 2791 1847 2818 ,
1900 2744 1993 2804 vel

434 2829 629 2894 Arari
660 2877 676 2903 ‚
727 2825 782 2886 Ia
819 2823 1024 2888 Saone.
1102 2827 1220 2886 Ara
1273 2828 1421 2884 enirn
1472 2823 1748 2904 Augusti,
1799 2824 1941 2883 ludis
1970 2871 1989 2897 ,

460 2912 703 2968 nummis
722 2953 738 2980 ‚
769 2903 1118 2987 scriptoribus
1146 2905 1500 2966 celeberrima
1514 2951 1539 2978 ,ἱ
1560 2903 1634 2962 ibi
1658 2902 1833 2984 pofita
1851 2949 1869 2978 ,
1897 2905 1993 2963 ubi

447 2988 609 3047 :Arar
646 2984 1358 3047 Rhodano'commiscetur.
1403 2982 1453 3044 F
1456 2981 1850 3048 ormidolosum
1872 2984 1999 3064 ejus

467 3085 746 3131 certamen
779 3087 1051 3133 memorat
1079 3065 1362 3138 Juvenafis
1390 3064 1449 3140 I,
1478 3085 1577 3149 43?
