2294 3870
370 171 456 235 88
583 165 673 237 C.
725 165 1257 237 Connztn
1321 165 1676 242 TAcm-r

103 309 342 356 ΞΞ
368 311 529 356 nam
545 283 782 358 vulnus
799 309 919 384 per
933 281 1202 386 galeam
1219 283 1483 386 adegit3
1506 314 1632 360 nec
1652 287 1925 384 iterare·

109 379 172 434 Α·
195 385 255 434 U·
279 385 342 436 C·
369 383 578 458 valuit
607 441 629 473 ‚
681 385 982 486 praelatus
1016 413 1195 485 equo
1221 443 1243 475 ,
1287 395 1359 459 &
1393 383 1759 458 fortiffimis
1794 383 1899 482 sa·-

161 468 298 527 ⁷⁸⁸·
369 483 665 568 tellitum
722 510 914 587 prote
965 486 1237 568 entibus
1291 484 1612 560 saucium.
1681 489 1900 560 Fama

150 555 294 714 ’ἐξ
364 611 596 676 tamen
628 585 824 659 occisi
855 514 1025 660 saffiro
1050 586 1308 662 credita
1329 643 1351 676 ,
1394 588 1717 662 exterruit
1740 591 1903 673 Par-2

252 673 273 708 ⁹
362 688 513 762 thos
540 715 562 781 3
611 687 1104 787 vidioriamque
1136 686 1537 764 concess‘ere.
1688 736 1698 742 -

470 789 813 863 XXXVI.
852 789 1045 862 Mox
1087 787 1473 862 Artabanus
1523 785 1668 860 tota
1711 786 1901 862 mole

356 889 551 989 regni
607 887 858 962 ultum·
890 889 972 961 iit
1009 917 1032 984 5
1101 887 1345 990 peritia
1400 889 1708 962 locorum
1734 945 1757 976 ,
1811 887 1897 961 ab

354 988 570 1074 Iberis
605 987 850 1064 melius
879 1014 1299 1091 pugnatum}
1330 1017 1456 1064 nec
1485 989 1644 1063 ideo
1671 985 1897 1073 absceff

356 1088 564 1163 debat
578 1143 601 1178 ,
618 1090 691 1163 ni
704 1147 727 1181 ,
745 1091 1100 1164 contraditis
1123 1090 1527 1192 legionibus,
1546 1086 1893 1178 Vitellius,

359 1200 433 1264 &
460 1187 732 1264 subdito
765 1218 1036 1265 rumore
1058 1249 1081 1281 ,
1127 1216 1483 1290 tamquam
1502 1187 1901 1289 Mesopota-

362 1291 580 1362 miam
623 1290 963 1365 invasurus
999 1349 1020 1382 ,
1073 1291 1341 1367 m'etum
1384 1291 1686 1382 Romani
1736 1288 1903 1362 belli

359 1387 642 1465 feciffet.
677 1394 869 1466 Tum
897 1390 1134 1466 omissa
1158 1391 1490 1466 Armenia
1512 1450 1533 1480 ‚
1569 1387 1901 1488 versaeque
1968 1459 1975 1463 .

361 1489 693 1565 Artabani
715 1519 818 1567 res
840 1522 863 1588 3
897 1492 1247 1566 inliciente
1274 1481 1567 1567 Vitellio
1588 1544 1611 1579 ,
1646 1523 1687 1552 ιε
1708 1487 1902 1562 dese‘-

363 1617 648 1666 arerent
671 1619 904 1693 regem
926 1650 946 1681 ,
965 1591 1210 1666 saevum
1228 1592 1300 1663 in
1322 1617 1508 1690 pace,
1524 1600 1595 1664 δε
1615 1586 1900 1664 adverfis

357 1725 403 1759 ao
413 1689 810 1794 proelior'um
836 1690 1193 1764 exitiosum
1212 1727 1254 1757 a:
1268 1746 1285 1762 .
1316 1691 1535 1791 Igitur·
1556 1689 1899 1778 Sinnaces,

359 1818 574 1890 quem
595 1815 791 1866 antea
811 1789 1156 1866 infensum
1183 1791 1603 1879 memoravi,
1630 1815 1897 1890 patrem
1943 1840 1950 1845 -

358 1889 768 1994 Abdagesen
797 1948 820 1981 ,
879 1891 1178 1994 aliosque
1230 1891 1531 1967 occultos
1588 1887 1851 1963 consilii
1875 1947 1900 1980 ‚

360 2003 438 2067 δε
461 2019 634 2066 rtunc
680 1994 1017 2067 continuis
1045 1992 1350 2067 cladibus
1392 1988 1846 2095 promptiores
1877 2048 1903 2082 ‚

357 2092 453 2166 ad
474 2090 938 2167 defeetionem
964 2095 1210 2167 trahit:
1237 2092 1687 2168 adfluentibus
1714 2089 1903 2193 paul-
1992 2172 1999 2179 ,

361 2192 560 2267 latim
583 2251 606 2283 ,
653 2195 822 2293 qui,
873 2218 1067 2268 metu
1097 2196 1314 2295 magis
1356 2194 1565 2291 quam
1597 2192 1901 2267 benevo—

364 2293 576 2368 lentia
601 2292 922 2392 subjecti,
967 2296 1246 2395 repertis
1281 2293 1659 2367 auctoribus
1695 2290 1903 2365 sustu-

362 2391 584 2467 lerant
621 2394 953 2466 animum.
1001 2396 1146 2468 Nec
1181 2403 1317 2490 jam
1350 2390 1903 2465 aliudArtabano

365 2490 707 2591 reliquum
738 2550 761 2582 ‚
820 2496 1025 2592 quam
1056 2551 1079 2583 ,
1141 2492 1191 2565 fi
1242 2492 1363 2593 qui
1412 2518 1847 2567 externorum
1878 2550 1905 2582 ‚

364 2593 635 2692 corpori
685 2592 983 2667 custodes
1034 2593 1315 2667 aderant
1355 2650 1380 2683 ,
1447 2590 1575 2667 fuis
1623 2592 1921 2693 quisque

365 2689 636 2766 sedibus
661 2718 954 2768 extorres
982 2694 1198 2795 ,lqu'is
1238 2721 1461 2793 neque
1498 2692 1666 2767 bon'i
1708 2691 1908 2769 intel·-

369 2792 630 2883 lectus,
667 2822 892 2895 neque
939 2795 1102 2868 mali
1154 2824 1356 2882 cura,
1417 2792 1535 2867 sed
1584 2792 1903 2868 mercede

370 2892 640 2967 aluntur
676 2953 698 2983 ,
771 2894 1054 2965 ministri
1119 2890 1495 2967 sceleribus.
1594 2895 1721 2967 His
1782 2894 1903 2967 ad-

371 2989 656 3095 sumptis
675 3050 696 3081 ,
723 2994 795 3065 in
819 2993 1193 3094 longinqua
1216 3004 1287 3068 &
1309 2995 1734 3067 contermina
1754 2996 1905 3086 Scy*

374 3092 530 3169 thiae
563 3091 801 3195 fugam
831 3095 1191 3173 maturavit
1216 3151 1238 3188 ,
1284 3090 1395 3200 spe
1428 3094 1652 3175 auxilii
1676 3148 1701 3185 ‚
1742 3091 1901 3191 quia
