2294 3870
479 209 636 288 '213
833 209 1681 284 Surrrnuzuruu

225 369 459 422 Ξ
482 326 819 506 ffleffus
881 331 996 402 est.
1098 328 1322 432 Agros
1374 310 1585 405 enim
1613 307 2025 418 Ro‘manos3

227 436 510 508 nuci

655 431 765 504 itis
821 427 1138 504 villarum
1188 428 1415 532 spatiis
1467 433 1542 504 in
1592 431 1737 504 dies
1796 430 2019 530 magis

279 534 351 588 ⁷9
360 529 408 584 5·
483 537 766 610 adlatos
813 586 838 620 ,
913 527 1142 602 lacum
1216 529 1547 604 Fucinum
1630 529 2021 606 emittendo

269 614 321 665 J,
349 612 412 662 C.

285 709 384 767 εει·

483 657 726 734 augere
751 626 1076 704 incassum
1103 627 1381 703 molitus
1405 633 1501 704 est
1518 688 1540 719 ,
1574 629 2021 731 prodigentiae

479 759 630 808 reus
653 741 726 806 &
751 728 1068 804 adversus
1089 727 1421 803 luxuriam
1446 731 1807 809 invalidus.
1858 733 2023 802 Por-

479 859 632 906 tum
669 834 831 905 vero
857 827 1244 906 Ostiensem
1272 888 1294 921 ,
1344 859 1385 904 a
1421 830 1583 902 divo
1618 831 1808 906 Julio
1851 827 2021 930 sirpe

479 931 891 1006 destinatum
929 990 954 1024 ,
1001 929 1293 1032 ‘semper
1371 929 1464 1003 ob
1538 926 2021 1003 difficultatem

479 1030 806 1108 omiffum
851 1090 875 1123 ,
937 1059 1064 1106 nec
1129 1029 1254 1104 nisi
1296 1028 1581 1131 TraJani
1610 1085 1633 1118 ,
1691 1029 2022 1130 Principis

479 1133 734 1236 optimi
757 1191 782 1224 ,
824 1129 1130 1235 auspiciis
1165 1127 1655 1205 absolvendum
1682 1186 1704 1219 ,
1754 1127 2023 1204 felicius

484 1263 590 1310 coe
639 1235 716 1309 it.
751 1232 1094 1307 ‚Primum
1142 1257 1601 1335 repugnavere
1651 1229 2023 1306 architecti.

485 1337 532 1412 S
647 1333 811 1410 vicit
835 1333 1162 1436 Principis
1184 1333 1559 1408 anaoritas.
1590 1329 2024 1404 Immensum

489 1463 530 1516 e
581 1438 712 1511 esta
728 1460 940 1530 terra3
965 1461 1289 1532 mareque
1309 1431 1709 1506 im'miffum.
1738 1431 2023 1508 Grande

485 1465 709 1610 adhuc
745 1533 1003 1608 accessit
1034 1531 1529 1604 substruitionis
1562 1531 1969 1605 miraculum
1992 1589 2023 1623 ‚

487 1633 647 1707 cum
673 1632 858 1706 navis
879 1687 902 1719 ‚
937 1631 1254 1703 omnium
1283 1631 1581 1702 maxima
1597 1687 1619 1718 ,
1646 1631 1780 1730 qua
1805 1631 2019 1708 Caius

481 1729 854 1806 obeliscum
869 1785 892 1818 ,
916 1731 1035 1829 qui
1061 1731 1136 1809 in
1154 1731 1492 1806 Vaticano
1514 1731 1737 1802 Circo·
1759 1731 2018 1821 visitur,

481 1856 564 1906 ex
589 1833 877 1934 AEgypto
899 1830 1010 1903 im
1061 1855 1437 1922 artaverat,
1480 1830 1693 1905 tribus
1718 1830 2021 1926 molibus

481 1932 774 2009 turrium
811 1858 1171 2007 altitudine
1215 1931 1291 2011 in
1322 1931 1401 2007 ea
1438 1931 1861 2009 exaedificatis
1888 1937 2021 2007 Pu·-

485 2032 762 2109 teolano
787 2032 1060 2135 pulvere
1079 2092 1100 2125 ‚
1131 2032 1441 2109 demersa
1460 2036 1555 2108 est
1574 2092 1596 2125 ,
1634 2058 1710 2108 ut
1729 2033 2017 2124 Pharus,

482 2134 934 2211 Alexandrini
1011 2135 1287 2210 aetnulus
1336 2193 1359 2223 ,
1437 2133 1513 2206 su
1560 2159 1630 2208 er
1676 2158 2015 2209 oneretur.

485 2238 741 2309 Tantas
787 2237 966 2309 inter
1004 2262 1237 2335 operas
1278 2230 1421 2304 fors
1470 2163 1723 2307 ogtui’it
1766 2233 2016 2336 specsta-

429 2424 436 2429 ἢ
479 2333 715 2406 culum
742 2390 765 2420 ‚
808 2335 1072 2405 raritate
1097 2343 1169 2403 &
1202 2330 1593 2405 celebritate
1623 2360 2016 2409 memoran-

482 2432 674 2504 dum.
735 2432 966 2517 orca,
1007 2428 1222 2501 carnis
1252 2428 1644 2521 immensae,
1691 2432 2011 2519 dentibus

413 2586 418 2593 ¹
479 2528 857 2605 truculenta
877 2586 898 2619 ‚
922 2553 1195 2632 portum
1215 2527 1438 2605 subiit.
1475 2535 1603 2605 Per
1626 2534 2011 2636 complures

481 2630 626 2705 dies
659 2627 890 2705 satiata
925 2627 1292 2731 naufragiis
1333 2657 1681 2733 tergorum
1724 2662 1762 2708 e
1788 2635 2013 2709 Gallia

480 2730 923 2807 admotorum
953 2788 976 2821 ,
1020 2731 1200 2806 vado
1240 2757 1385 2805 tam
1432 2731 1852 2832 profundum
1899 2736 2011 2809 in-

481 2832 716 2906 cubuit
740 2888 762 2919 ,
815 2856 890 2904 ut
921 2832 1289 2932 circumagi
1317 2858 1748 2932 nequaquam
1775 2836 2010 2937 poffet.

477 2932 682 3003 Dum
719 2928 1018 3032 saginam
1059 2928 1476 3031 persequitur
1501 2989 1523 3022 ,
1568 2935 1879 3009 fluffibus
1932 2938 2011 3010 in

480 3026 639 3102 litus
667 3028 972 3131 propulsa
992 3088 1015 3118 ‚
1063 3028 1265 3103 dorso
1292 3028 1483 3131 supra
1510 3062 1712 3134 aquas
1734 3036 2012 3111 inversae

473 3127 716 3225 ‚carinae
734 3129 935 3205 instar
959 3130 1271 3208 eminuit.
1295 3130 1754 3211 Admirationi
1779 3190 1816 3305 ,l
1838 3134 2031 3212 dein·

1288 3250 1295 3253 “
1820 3234 2013 3330 udo,

2278 1962 2283 2109 ἃ
