2294 3870
595 216 1164 278 AszAzxuM
1232 204 1585 311 Noraeg
1719 230 1851 302 351

323 319 524 385 Paucis
557 323 751 385 Aurel.
772 322 1005 399 νὶἂοτ,
1025 328 1085 385 in
1109 322 1311 387 Claud.
1337 321 1494 405 Caefiz
1538 321 1863 403 Mufiaelano-

327 422 455 478 γυνη
485 422 702 479 manus.
733 405 854 466 Dio
881 422 964 463 Lx
989 449 1010 479 ‚
1045 426 1181 489 pag.
1221 414 1354 476 671.
1392 406 1505 468 Sed
1536 404 1649 467 sme
1676 406 1863 489 gentis

329 481 736 572 appellatione.

416 640 570 702 Cn.
592 639 793 703 XXX.
818 636 1008 705 Fame.
1046 644 1168 705 Dio
1197 662 1313 718 tx,
1346 664 1481 727 pag.
1505 651 1639 716 671.
1670 642 1756 704 Ea
1780 642 1860 703 est

328 716 450 799 ipsa
479 720 650 781 fames
667 768 684 796 ‚
707 722 777 781 ab
792 723 1000 861 AgAabo
1023 722 1289 805 praedieca
1305 768 1323 796 ,
1355 723 1425 782 de
1450 724 1562 807 qua
1584 724 1863 785 D.Lucas

329 801 392 861 in
418 801 546 861 Αᾶ.
571 801 831 882 qustol.
923 803 950 861 I
979 848 998 876 ,
1037 808 1132 861 28.

409 878 644 941 Caianae
656 880 938 962 stultitiae.
966 880 1240 963 Caligulae
1260 882 1536 942 stultitiam
1568 883 1632 945 in,
1649 880 1865 941 Puteo-

331 958 462 1019 Iano
499 979 676 1039 ponte
711 959 1039 1019 exstruendo
1071 964 1501 1023 memoravimus
1530 963 1589 1019 in
1614 960 1867 1042 Supple-

330 1056 525 1098 mento
557 1038 754 1097 Annal
780 1038 961 1112 VIII,
997 1060 1066 1098 10
1092 1048 1149 1098 &
1175 1038 1266 1121 seq
1314 1082 1329 1099 .
1372 1040 1506 1101 Huc
1542 1042 1693 1098 enim
1726 1040 1868 1100 ade-

333 1137 492 1199 gerat
541 1134 662 1177 toto
706 1118 841 1177 orbe
881 1119 1109 1200 navigia
1134 1165 1152 1192 ‚
1205 1061 1349 1179 ιιῐιεὲε
1405 1118 1585 1179 secuta
1622 1134 1871 1179 ‘annonae

335 1198 547 1335 egegzlts
573 1212 694 1333 ’,ἀπε
721 1196 906 1257 videre
947 1198 1025 1257 est
1061 1197 1211 1279 apud
1228 1198 1523 1260 Aurelium
1566 1196 1868 1261 Victorem

333 1297 396 1336 m
516 1297 585 1334 au

415 1349 716 1413 Tei-'rarum
767 1351 1187 1429 infecunditate.
1254 1352 1435 1417 Fuere
1490 1376 1604 1438 quo
1646 1375 1717 1414 ue
1770 1370 1881 1433 pet

337 1433 544 1496 multos
596 1454 776 1493 annos
824 1432 1040 1514 affiduoe
1076 1433 1410 1516 sterilitates
1439 1483 1463 1514 ,
1510 1453 1569 1494 ut
1650 1436 1879 1515 oquitut

339 1514 640 1576 Suetonius
676 1514 737 1571 in
777 1512 979 1575 Claud.
1022 1514 1172 1596 Cap.
1212 1520 1301 1574 18.

411 1591 705 1654 Subvenit.
753 1592 892 1663 Inde
925 1613 1007 1654 tot
1040 1598 1261 1653 nummi
1285 1592 1509 1655 Claudii
1536 1638 1553 1666 ‚
1578 1589 1641 1650 in
1710 1587 1873 1649 uibus

337 1672 618 1734 exhibetur
659 1672 748 1731 vel
787 1672 1006 1735 modius
1052 1696 1183 1735 cum
1228 1671 1389 1755 spicis
1413 1720 1431 1749 ,
1484 1672 1575 1733 vel
1621 1668 1673 1731 C
1726 1667 1875 1731 RES

338 1749 674 1815 AVGVST
677 1752 751 1809 A.
1472 1758 1489 1775 ⁸

413 1826 894 1913 Negotiator-ibus.
918 1828 1061 1889 Haec
1079 1837 1134 1903 ὃς
1150 1827 1303 1912 seqq.
1329 1828 1559 1888 Sueton.
1581 1830 1642 1888 in
1669 1824 1877 1911 Claud.

341 1910 436 1974 Ca
521 1932 543 1969 1
597 1950 613 1967 .

424 1930 811 2052 ssacgtionem.
857 1983 952 2044 Ne
995 1984 1179 2042 forent
1222 1985 1453 2044 obnoxi‘l
1498 1987 1681 2062 poenis
1738 1985 1883 2066 legis

344 2068 538 2148 Papiae
571 2065 831 2144 Poppaeae
858 2061 928 2122 de
962 2063 1256 2126 caelibibus.
1309 2061 1443 2140 Qua
1486 2063 1557 2121 de
1602 2063 1728 2143 lege
1770 2064 1886 2139 jam

303 2197 308 2202 .
343 2149 533 2211 aEIum
570 2142 730 2224 supra
753 2141 966 2202 Annal.
1002 2141 1086 2201 111
1114 2187 1132 2216 ,
1168 2159 1237 2215 25
1274 2149 1329 2201 &
1354 2145 1448 2200 28.

429 2225 683 2287 Latinis.
728 2221 918 2283 Latini
941 2268 960 2297 ,
997 2241 1058 2282 ut
1099 2221 1263 2282 docet
1297 2219 1469 2282 Caius
1490 2263 1509 2293 ,
1549 2215 1786 2279 Institut.
1822 2219 1892 2301 1,-

348 2306 468 2368 Tit.
499 2328 524 2367 1
558 2351 577 2381 ,
609 2324 765 2365 num.
789 2327 819 2362 2
839 2349 858 2378 ,
887 2301 1012 2363 fimt
1031 2349 1048 2378 ,
1081 2302 1173 2395 qui
1208 2319 1309 2362 aut
1325 2321 1425 2376 per
1456 2293 1765 2379 epistolam,
1790 2314 1891 2390 aout

347 2386 498 2450 inter
530 2385 738 2447 amicos
757 2431 777 2461 ,
818 2399 918 2446 aut
939 2379 1184 2444 convivii
1216 2378 1557 2443 adhibitione
1589 2394 1892 2438 manumit-

349 2483 563 2529 tuntur.
610 2463 862 2524 Libertas
901 2464 998 2522 illa
1035 2461 1242 2522 Latina
1278 2459 1595 2522 introdusta
1623 2459 1701 2517 est
1731 2477 1891 2519 anno

351 2543 438 2605 U.
462 2544 536 2604 C.
567 2557 879 2602 ncczxxn
903 2585 920 2613 ,
963 2541 1015 2598 le
1059 2559 1089 2598 e
1123 2539 1293 2604 junia
1318 2538 1617 2600 Norbana.

433 2619 548 2684 Jus
600 2617 928 2701 Quiritium.
1048 2619 1291 2677 ivitatem
1342 2619 1662 2678 Romanam
1721 2612 1890 2674 habet

353 2700 642 2782 Ulpianus
665 2744 682 2772 ,
717 2695 837 2755 Tit.
863 2695 948 2754 ΠΙ
969 2740 986 2769 ,
1019 2716 1175 2753 num.
1206 2705 1241 2754 6
1266 2741 1285 2770 ‚
1320 2695 1415 2754 ubi
1450 2698 1469 2753 i
1514 2693 1631 2752 sum
1664 2691 1890 2764 Claudii

356 2781 598 2842 edietum
630 2793 902 2836 memorat
930 2773 1014 2834 his
1045 2774 1243 2833 verbis.
1269 2773 1436 2836 Nave
1522 2771 1710 2832 atinus
1739 2771 1889 2833 civi-

358 2878 532 2922 tarem
562 2856 870 2916 Romanam
892 2853 1098 2930 accipit
1117 2901 1139 2932 ,
1157 2852 1220 2936 st
1248 2873 1357 2913 non
1380 2851 1653 2930 ⁴minorem
1676 2891 1701 2941 ⁹.
1728 2853 1886 2930 gueint

359 2939 545 3000 decem
585 2935 761 2997 millia
801 2931 1096 2996 modiorum
1132 2953 1331 2994 navem
1352 2930 1727 3009 fabricaverit
1752 2976 1771 3004 ,
1821 2925 1889 2990 ὓ·

359 3017 594 3082 Romam
596 3015 702 3095 fix
723 3014 892 3075 annis
894 3013 1239 3090 frumentum
1254 3009 1563 3089 portaverit
1584 3052 1605 3082 ‚
1633 3025 1704 3067 ex
1720 3005 1891 3072 edific»

361 3094 481 3166 divi
499 3094 745 3162 Claudii.
760 3093 1002 3175 Navem,
1023 3115 1144 3180 quae
1166 3094 1361 3160 decem
1377 3090 1555 3155 millia
1569 3085 1892 3156 modiotu'm
