2294 3870
553 161 762 248 ΪΛΒ.
812 161 1014 245 VIII.
1065 187 1659 246 ANNAtrum
1754 129 1893 268 189!

352 280 621 369 ‘tiorum
642 313 961 394 portenta
977 286 1369 392 projeciffet.
1394 289 1743 368 Eminenti
1762 291 1895 370 fuit
1914 327 2151 382 Ξιῃ

367 391 634 469 statura.
702 391 954 466 Cetera
997 391 1071 462 in
1122 416 1207 464 eo
1252 389 1581 464 immania
1607 447 1633 482 ,
1676 392 1892 497 pallor
1914 391 1977 440 Α·
2001 395 2062 444 ⁰·
2084 397 2144 452 C·

367 493 594 570 vultfis
613 549 638 582 ,
680 490 938 566 anilitas
967 487 1209 563 frontis
1233 549 1256 582 ‚
1298 519 1755 568 concavorum
1799 496 1893 568 ti-
1970 487 2104 543 ⁷9⁴·

273 649 283 654 -
363 594 815 696 gentiumque
859 590 1214 664 oculorum
1272 593 1547 668 torvitas
1579 649 1604 682 ,
1658 593 1892 670 defor-

366 695 572 768 mitas
597 722 672 766 ca
716 692 821 764 itis
855 691 1305 766 emendicatis
1333 693 1587 796 capillis
1613 693 1848 796 aspetfi
1868 753 1894 788 ,

359 791 617 868 obseffa
634 719 788 866 sgtis
807 793 1028 865 cervix
1045 848 1068 880 ,
1090 808 1365 868 crurum
1381 793 1635 868 exilitas
1651 852 1673 885 ,
1699 823 1896 871 enor-

364 895 566 968 mitas
599 892 885 994 pedum.
929 891 1227 988 Vultum
1269 893 1505 968 natura
1542 895 1900 973 horridum

359 1023 442 1067 ac
485 1019 746 1069 tetrum
785 989 1108 1067 efferabat
1127 1021 1231 1067 ·ex
1275 993 1595 1070 industria
1616 1053 1640 1086 ‚
1694 1021 1901 1100 atque

363 1092 457 1171 ad
505 1092 857 1198 speculum
910 1095 987 1167 in
1043 1120 1374 1170 terrorem
1424 1097 1901 1200 componebat.

361 1194 694 1271 Atrocior
703 1218 934 1270 autem
958 1221 1106 1271 erat
1123 1195 1410 1286 animus,
1426 1225 1621 1273 mens
1647 1197 1903 1290 insana,

363 1289 724 1398 ingenium
741 1291 1000 1372 mobile
1014 1354 1038 1387 ,
1059 1307 1132 1372 &
1146 1294 1653 1374 incredibilium
1673 1326 1905 1374 terum

365 1397 668 1473 avidum.
713 1401 888 1472 Puer
931 1397 1153 1474 adhuc
1172 1454 1197 1487 ,
1250 1399 1681 1502 constupratis
1723 1398 1905 1474 soro·-

368 1496 552 1571 ribus
585 1554 608 1588 ,
674 1494 1046 1571 libidinum
1101 1497 1491 1574 rudimenta
1550 1499 1627 1572 in
1690 1498 1906 1574 domo

370 1597 687 1672 Antoniae
717 1596 1068 1776 occoefiiffe
1103 1595 1337 1673 fertur.
1393 1600 1438 1678 J
1441 1598 1673 1674 uvenis
1699 1656 1723 1690 ,
1778 1628 1906 1677 vo·
1988 1663 1991 1666 .

369 1697 706 1800 luptatum
735 1729 917 1786 mon*
936 1727 1028 1782 ,ra
1051 1755 1074 1788 ‚
1122 1696 1575 1802 suspicionum
1609 1727 1849 1778 arcana
1876 1757 1903 1793 ,

368 1797 948 1903 sanguinariasque
1032 1797 1215 1900 leges
1281 1801 1563 1902 Capreis
1635 1801 1903 1880 didicit.

367 1900 688 2003 Princeps
716 1899 1116 2003 liberalitate
1141 1957 1167 1989 ,
1200 1898 1536 1975 hilaritate
1556 1959 1579 1990 ,
1624 1900 1905 2007 popula·-

370 2002 574 2075 titate
599 2056 626 2097 ,
693 1999 968 2099 aliisque
1025 2000 1355 2073 virtutum
1404 2000 1853 2075 imitamentis
1886 2060 1909 2092 ‚

371 2112 524 2201 quae
569 2100 644 2181 in
701 2098 866 2173 vitia
917 2094 1231 2171 definunt
1251 2153 1273 2185 ,
1322 2098 1625 2200 primum
1665 2099 1911 2177 inlusrt·

372 2198 610 2275 Postea
668 2199 929 2300 ingenii
984 2197 1315 2299 pravitate
1348 2254 1373 2287 ,
1428 2197 1917 2275 dominationis

253 2349 270 2363 ο
371 2292 666 2375 libidine
690 2357 714 2389 ,
761 2296 1219 2379 immoderata
1253 2299 1489 2373 omnia
1517 2298 1917 2375 &inaudita

359 2429 463 2474 -cu
511 2428 620 2477 ere
649 2430 666 2471 ε
712 2400 802 2473 ad
825 2397 1124 2475 nefanda
1155 2396 1591 2475 insolescere:
1622 2398 1917 2492 succeffu

377 2430 662 2576 infestus
688 2556 743 2596 ,ὁ
801 2509 982 2571 e'ota
1006 2525 1347 2597 quaerere3
1400 2510 1472 2574 δε
1503 2499 1695 2574 brevi
1724 2503 1915 2603 prin-

380 2602 608 2704 cipatu
624 2528 798 2698 quig
844 2625 1080 2670 umma
1098 2598 1263 2668 vitia
1280 2596 1627 2675 insumma
1640 2598 1918 2676 fortuna

379 2702 623 2804 poffint
642 2697 1013 2773 ostendere.
1032 2694 1290 2773 Literas
1308 2696 1563 2767 invidia
1583 2702 1878 2802 corrupit
1896 2732 1916 2773 ε

383 2825 561 2876 artes
617 2796 776 2873 luxu
825 2794 1230 2872 adulteravit
1258 2824 1276 2867 τ
1318 2821 1543 2870 mores
1592 2801 1917 2901 exemplis

385 2900 774 3005 prostravit:
814 2896 1141 2973 libertatis
1174 2894 1485 2996 reliquias
1509 2898 1783 2972 audacia
1804 2899 1917 2976 fu·-

289 3044 294 3049 ·
383 3000 702 3078 nestavit:
735 3000 1099 3105 imperium
1124 2996 1401 3076 stultitia
1425 3055 1449 3089 ,
1486 2999 1915 3081 immanitate

1966 563 2014 614 J.
2036 566 2105 617 c.

1973 659 2076 722 «ῃ.
