2294 3870
534 243 1116 298 anunm-uu
1183 219 1387 296 Lu.
1448 215 1576 298 VI.
1729 247 1823 320 9¹

285 343 512 446 Sejani
555 343 680 421 diu
730 341 990 420 nescius
1009 399 1033 434 ,
1081 370 1241 418 mox
1280 369 1561 459 quoquo
1610 346 1831 420 modo
1849 373 2087 424 ,εει

285 446 474 520 dieta
503 444 766 548 vulgari
799 444 1098 520 malebat
1123 503 1146 534 ‚
1190 442 1675 545 veritatisque,
1714 449 1827 523 cui
1846 441 1912 492 A,
1933 443 1993 492 ι’·
2018 441 2087 496 0·

288 546 592 620 adulatio
617 544 833 620 officit
849 604 871 636 ‚
995 572 1028 617 r
1052 546 1299 650 probra
1320 544 1560 621 saltem
1582 575 1825 664 gnarus
1903 531 2043 594 ⁷⁸⁸·

275 648 462 738 fleri.
509 645 762 722 lisdem
803 574 1042 722 dieffis
1069 649 1362 748 Granius
1396 650 1779 725 Martianus
1800 709 1825 743 ,
1886 627 1938 679 ἰ’
1970 626 2041 678 ⁰⁰

285 745 557 823 senator
577 805 601 838 ‚
651 778 691 822 a
731 751 822 822 C.
850 749 1165 822 Graccho
1203 751 1557 864 majestatis
1596 753 1825 865 postu-
1926 723 2027 786 35·

289 847 466 922 latus
497 905 520 938 ‚
564 849 713 922 vim
760 850 914 923 vitae
957 847 1085 922 suae
1134 849 1408 925 attulit:
1455 850 1831 952 Tatiusque

292 949 656 1024 Gratianus
675 1007 697 1040 ,
739 948 1019 1052 praetura
1049 947 1318 1025 funditus
1340 1007 1364 1042 ,
1411 949 1563 1055 lege
1584 950 1831 1029 eadem

291 1075 681 1126 extremum
711 1051 801 1123 ad
823 1047 1228 1165 supplicium
1255 1052 1636 1128 damnatus.

377 1153 721 1225 XXXIX.
731 1152 881 1223 Nnc
897 1149 1187 1254 dlspares
1202 1150 1631 1229 Trebellieni
1645 1154 1829 1246 Rufi,

292 1261 369 1327 &
407 1252 612 1327 Sextii
642 1252 1007 1326 Paconiani
1035 1254 1273 1328 exitus.
1323 1256 1509 1326 Nam
1535 1253 1834 1336 Trebel-

293 1351 519 1428 lienus
546 1350 656 1425 sua
695 1377 908 1426 manu
949 1353 1253 1448 cecidit3
1301 1354 1719 1428 Paconianus
1760 1357 1836 1428 in

291 1477 560 1526 carcere
586 1509 609 1542 ,
658 1453 754 1526 ob
797 1453 1103 1527 carmina
1142 1451 1287 1527 illic
1333 1455 1407 1526 in
1450 1455 1841 1556 Principem

283 1551 596 1627 factitata
620 1610 643 1642 ,
699 1556 871 1627 stran
921 1553 1138 1630 ulatus
1168 1556 1280 1630 est.
1325 1559 1485 1629 Haec
1514 1553 1838 1630 Tiberius

292 1681 436 1727 non
465 1653 639 1728 mari
665 1709 690 1744 ,
737 1679 814 1728 ut
841 1584 1014 1729 oiim
1038 1712 1061 1746 ,
1109 1653 1359 1732 divisus
1384 1713 1407 1746 ,
1447 1682 1675 1758 neque
1715 1681 1838 1756 pet

292 1753 708 1856 longinquos
725 1757 997 1830 nuntios
1017 1756 1157 1830 acci
1206 1756 1414 1846 iebat,'
1430 1754 1547 1830 sed
1561 1754 1839 1832 Urbem

289 1865 508 1957 juxta3
539 1853 796 1930 eodem
815 1881 887 1930 ut
911 1857 1024 1931 die
1041 1915 1064 1948 ,
1084 1786 1207 1932 vefl>
1217 1859 1434 1932 nouis
1453 1858 1843 1958 interjedku,

289 1957 504 2031 literis
545 1955 903 2029 consulum
934 1957 1327 2033 rescriberet
1360 1989 1380 2030 t
1436 1957 1621 2056 quafi
1668 1956 1845 2061 aspi-

292 2058 478 2133 ciens
511 2053 902 2128 undantem
940 2082 1058 2155 per
1103 2058 1351 2130 domos
1389 2054 1787 2156 sanguinem
1820 2116 1846 2152 ,

298 2184 404 2231 aut
431 2180 688 2229 manus
713 2153 1129 2230 carnificum.
1154 2156 1317 2229 Fine
1344 2156 1508 2228 anni
1529 2159 1848 2269 Poppaeus-

297 2258 580 2332 Sabinus
607 2253 928 2328 conceffit
950 2252 1089 2327 vitai
1113 2311 1136 2343 ‚
1182 2255 1497 2328 modicus
1520 2254 1803 2356 originis
1815 2314 1844 2349 ‚
1880 2316 1893 2322 -

296 2357 684 2461 principum
711 2351 1011 2428 amicitia
1038 2353 1467 2431 consulatum
1494 2382 1567 2425 ac
1595 2357 1841 2430 trium-

297 2456 503 2561 phale
549 2456 752 2529 decus
797 2454 1124 2557 adeptus:
1184 2450 1631 2554 maximisque
1676 2484 1837 2559 pro-

292 2556 534 2633 vinciis
575 2582 694 2659 per
789 2578 1026 2630 uatuor
1060 2565 1132 2629 δε
1168 2557 1417 2671 viginti
1454 2582 1667 2631 annos
1704 2560 1841 2633 im-

253 2726 272 2736 -
297 2657 548 2765 pofitus
568 2716 589 2747 ,
636 2655 755 2731 nul
786 2685 899 2730 am
935 2656 1032 2729 ob
1061 2656 1384 2730 eximiam
1416 2680 1635 2730 artem
1657 2714 1680 2747 ,
1720 2658 1843 2735 sed

297 2757 491 2863 qubd
524 2784 641 2859 par
672 2756 968 2860 negotiis
993 2812 1016 2847 ,
1059 2783 1289 2857 neque
1323 2753 1515 2855 supra
1548 2780 1713 2831 erat.

395 2862 551 2935 XL.
581 2860 674 2953 Q.
701 2862 1064 2933 PLAunus
1081 2915 1103 2948 ,
1134 2860 1283 2933 Sex.
1304 2854 1619 2958 Papinius
1642 2913 1668 2948 ,
1696 2883 1847 2930 con·
1870 2856 2111 2909 Ξ

294 2958 470 3037 sales
497 3016 522 3049 ,
568 2958 960 3059 sequuntur.
1006 2962 1106 3033 Eo
1131 2987 1316 3033 anno
1332 3012 1355 3047 ,
1405 2984 1631 3058 neque
1658 2958 1845 3059 qubd
1864 2928 2117 3085 '⁴:12⁰‘

303 3064 389 3136 L.
441 3056 759 3135 Aruseius
801 3066 884 3159 (*
899 3066 924 3159 )
977 3086 1203 3137 morte
1256 3056 1511 3137 adfecti
1568 3054 1797 3133 forent
1816 3115 1840 3150 ,
1905 3115 1955 3167 J·
1968 3050 2071 3169 α’

345 3234 393 3305 =(
410 3230 434 3256 ¹¹
467 3233 484 3285 )
515 3223 616 3277 Hic
638 3223 779 3291 periit
799 3242 983 3277 nomen
1002 3224 1209 3300 aliquod
1228 3261 1249 3302 2
1282 3222 1408 3289 ῖοεξὲ
1429 3240 1712 3297 praenomen
1730 3240 1849 3291 ειη,
1948 3200 2049 3279 3⁶3⁸

311 3306 424 3361 [um
443 3327 462 3365 ξ
503 3310 560 3354 ut
580 3293 682 3353 duo
701 3294 1018 3361 fintAruseii·
1085 3372 1094 3379 ἢ
