2294 3870
587 269 1164 322 animuum
1222 244 1560 320 Nora.
1699 255 1838 343 369

295 365 521 449 imperii
540 368 783 428 Sinensis
802 369 1202 440 monumenta'‚
1231 385 1356 446 quae
1376 366 1498 443 ipsa
1521 385 1673 428 aetate
1693 372 1844 450 regis

302 447 358 508 Y
354 469 421 506 ao
442 495 462 523 ,
500 451 598 529 qui
625 444 807 508 vivere
832 445 983 508 desiit
1006 467 1160 506 anno
1187 449 1336 518 2258
1366 464 1494 506 ante
1518 446 1800 510 Christum
1825 493 1847 524 ,

307 526 599 586 eunuchos
626 545 1087 586 commemorant.

384 604 465 664 At
487 627 681 676 eorum
706 610 871 687 origo
894 626 996 664 nos
1024 605 1216 663 lateret
1240 648 1256 674 ,
1288 605 1348 660 ni
1367 602 1480 679 jam
1503 603 1726 666 laudata
1748 606 1842 682 Si-

304 683 495 744 nenfia
514 703 876 744 monumenta
902 686 1083 743 lucem
1116 684 1178 741 in
1207 680 1314 740 hac
1347 679 1670 743 obscuritate
1697 691 1845 764 pra:-

306 760 559 822 tuliffent.
596 763 669 822 Iis
701 766 853 824 enim
884 762 1206 824 edidicimus
1243 761 1521 842 originem
1545 763 1843 824 eunucho-

303 861 429 899 rum
458 888 475 915 ,
505 862 575 900 ,ut
627 841 733 902 tale
782 842 1013 902 decebat
1056 839 1410 900 humanitatis
1453 843 1844 922 propudium,

304 917 459 980 fuiffe
499 919 807 994 infamiam,
868 920 1098 1000 Nempe
1118 965 1136 993 ‚
1184 919 1276 976 ubi
1317 919 1566 997 primum·
1606 921 1843 982 condita:

303 995 427 1058 sunt
446 997 739 1058 hominum
768 997 1049 1059 societates
1071 1044 1089 1072 ‚
1123 1018 1353 1075 erupere
1381 1001 1543 1074 vitia,
1577 1021 1644 1060 ac
1665 997 1840 1061 modo

350 1073 431 1136 ost
471 1080 723 1136 crimina.
786 1077 926 1137 Non
961 1079 1140 1136 statim
1183 1096 1408 1135 ventum
1441 1077 1513 1136 ad
1553 1075 1846 1160 supplicia.

353 1156 521 1215 lacuit
565 1157 843 1236 pudorem
888 1157 1122 1236 experiri
1151 1202 1168 1228 ,
1223 1175 1338 1237 quo
1382 1160 1622 1218 coerceri
1665 1157 1846 1239 posset

306 1255 535 1295 reorum
570 1235 916 1316 improbitas.
937 1235 1119 1295 Indita
1133 1233 1407 1315 suntergo
1428 1238 1720 1296 criminum
1739 1241 1848 1298 reis
1933 1271 1942 1278 =

354 1312 565 1372 uaedam
598 1314 785 1395 signa,
816 1322 869 1373 δε
893 1313 1011 1392 juffi
1029 1312 1152 1374 sunt
1173 1314 1343 1373 vestes
1366 1319 1522 1374 certis
1564 1316 1849 1378 coloribus

308 1333 591 1451 distinctas
613 1394 841 1454 induere
864 1440 881 1467 ,
908 1414 1023 1454 tum
1053 1414 1111 1452 ut
1138 1389 1587 1491 dignoscerentur
1603 1401 1658 1453 &
1686 1396 1756 1454 ab
1780 1397 1850 1456 iis

309 1491 705 1551 praecaveretur
723 1519 740 1546 ‚
776 1491 890 1532 tum
911 1475 1002 1533 uti
1046 1470 1129 1532 sos
1157 1469 1235 1530 sui
1255 1471 1484 1551 puderet
1503 1477 1635 1532 &in
1651 1476 1852 1534 melius

309 1569 669 1610 verterentur.
692 1551 929 1612 Duravit
956 1495 1075 1610 11ng
1117 1551 1250 1610 dum
1267 1549 1370 1610 fuit
1385 1557 1441 1610 δι
1476 1549 1772 1612 securitatis
1791 1560 1850 1612 δε

307 1631 647 1708 poenitentiae
673 1627 813 1709 speS.
853 1629 932 1689 At
967 1628 1096 1689 edm
1124 1629 1517 1708 improborum
1551 1630 1850 1692 hominum

308 1727 504 1768 natura
523 1755 540 1782 ,
560 1708 881 1791 aliquandiu
894 1707 1111 1789 pudore
1128 1709 1372 1769 coercita
1388 1754 1406 1782 ,
1427 1708 1646 1770 levitate
1664 1731 1852 1789 poenae

216 1797 221 1800 ’
306 1785 628 1849 insolescere
669 1785 915 1867 coepiss'et
939 1834 956 1862 ,
1000 1789 1315 1868 excogitata
1360 1784 1649 1924 supplicia.
1703 1787 1857 1868 Quae

306 1867 453 1926 inter
526 1884 738 1925 uartum
776 1862 1114 1925 memoratur
1149 1885 1182 1924 a
1222 1866 1414 1924 vetusti
1455 1870 1579 1926 imis
1605 1866 1845 1951 scripto-

308 1946 459 2007 ribus
486 1887 807 2007 zinenfibus
843 1947 1107 2009 virilitatis
1140 1944 1448 2023 ademptio.
1500 1945 1693 2028 anue
1736 1969 1854 2009 erat

306 2046 487 2119 poena
510 2070 528 2099 ,
569 2045 692 2107 quae
737 2025 1025 2085 calumniae
1053 2068 1071 2099 ,
1107 2023 1502 2104 impudicitiae,
1543 2026 1858 2104 proditioni

311 2107 432 2165 mfli
476 2104 685 2164 ebatur.
776 2120 781 2125 ·
1238 2172 1246 2177 ,

462 2186 813 2266 toriginem„
841 2184 917 2243 ita
978 2200 1168 2263 uoque
1191 2182 1438 2261 primum
1463 2182 1856 2243 eunuchorum

311 2264 510 2322 statum
549 2284 653 2323 nos
703 2262 906 2323 docent
984 2258 1196 2320 inenfia
1236 2281 1621 2321 monumenta.
1676 2259 1858 2321 Haud

313 2339 439 2402 satis
473 2338 647 2401 visum
678 2340 961 2401 eunuchos
1000 2341 1257 2401 virilitate
1285 2342 1408 2402 exui
1435 2386 1454 2415 ,
1495 2340 1705 2401 conditi
1734 2340 1860 2401 sunt

317 2424 381 2481 in
407 2421 791 2481 “interioribus
847 2420 1037 2501 palatii
1083 2420 1485 2499 imperatorum
1539 2419 1858 2482 Sinenfium

316 2501 560 2580 partibus
579 2497 802 2579 aliisque
820 2520 1012 2557 eorum
1030 2496 1304 2572 domibus,
1320 2517 1379 2559 ut
1396 2500 1526 2560 vilia
1541 2507 1595 2559 &
1611 2498 1862 2559 difficilia

318 2598 556 2670 quaeque
575 2578 874 2635 ministeria
888 2577 1103 2635 obirent
1123 2584 1209 2650 3&
1224 2568 1390 2649 ,bam
1408 2577 1644 2639 infames
1668 2577 1862 2654 esseut,

312 2655 543 2737 prodire
562 2678 623 2715 m
640 2658 987 2734 imperatoris
1007 2652 1362 2733 conspectum
1382 2658 1818 2736 prohibebantur
1843 2681 1868 2717 .-
1947 2702 1957 2708 -

314 2734 559 2817 ideoque
577 2737 641 2793 iis
666 2730 905 2793 maxime
942 2730 1145 2815 credita
1169 2730 1356 2796 officia
1371 2735 1520 2815 apud
1542 2757 1771 2796 uxorem
1805 2743 1868 2796 &

320 2815 661 2875 concubinas
682 2814 1053 2891 imperatoris,
1549 2884 1557 2891 ⁸

408 2893 539 2952 Illas
581 2892 823 2951 infamiae
868 2892 1145 2985 angustias
1201 2891 1354 2973 apud.
1395 2888 1699 2975 AEgyptios
1751 2890 1870 2955 cit&

326 2971 521 3053 egressi
561 2968 683 3033 sunt
722 2970 959 3033 eunuchi
984 3018 1001 3045 ,
1042 2969 1173 3029 crim
1194 2968 1557 3053 Putipharem
1599 2972 1871 3033 exercitiis

320 3053 642 3134 principem
681 3053 793 3127 jam
826 3048 987 3129 supra
1020 3053 1536 3129 memoraverimus.
1581 3050 1663 3110 At
1690 3054 1746 3111 in
1775 3052 1868 3113 Si-

321 3129 483 3193 nenfi
517 3133 756 3215 imperio
779 3176 799 3210 ‚
833 3130 927 3193 ubi
950 3128 1256 3211 plurimum
1285 3138 1501 3213 semper
1524 3130 1698 3193 valuit
1722 3133 1872 3195 anti-

1496 3206 1629 3293 Qv
