2294 3870
462 207 602 300 156
793 201 1643 284 Surum-:Maurum

187 352 428 390 uae
451 317 722 423 imperii
754 318 947 393 heres
975 327 1116 419 jam
1147 319 1550 410 destinatus3
1582 317 1893 422 Juliaque
1914 317 1994 399 δί

193 425 257 478 A.
278 429 344 482 U·
363 425 428 476 C·
449 420 830 524 Agrippina
851 475 875 508 ‚
913 419 978 495 ei
1005 419 1352 495 adulteriis
1382 419 1697 522 inligatae.
1726 421 1987 498 Glisce-

241 527 376 581 792·
451 522 568 596 bat
642 521 1005 610 ericulum„²
1033 520 1222 620 quod
1242 521 1555 623 Princeps
1580 520 1989 597 secretarum

242 611 286 660 J·
311 605 380 686 5³·
454 621 579 696 libi
634 621 824 694 ‘num
865 617 1183 695 societate
1221 622 1301 693 iis
1337 622 1642 695 innexus.
1705 622 1803 697 At
1844 623 1990 725 pati

271 705 368 765 39·
451 721 778 798 'felicitate
813 717 1074 794 ‘nefaria
1113 719 1389 793 confilia
1414 721 1820 818 innotuere3
1866 747 1993 825 pu-.

447 823 812 920 nitumque
865 818 1074 894 scelus
1137 818 1333 892 simul
1392 847 1466 892 ac
1518 823 1991 897 monstratum.

447 919 751 1022 Lepidus
772 945 994 994 morte
1019 976 1046 1010 ,
1067 921 1108 997 J
1111 919 1248 992 ulia
1268 929 1340 994 &
1360 918 1576 1022 Agrip
1624 923 1735 994 ina
1758 921 1988 996 exsilio

446 1018 769 1095 multatae.
827 1019 1019 1093 Cum
1057 1021 1130 1092 in
1166 1019 1436 1093 Pontias
1467 949 1707 1094 insglas
1738 1020 1993 1123 depor-

447 1145 751 1195 tarentur
770 1177 794 1210 ,
821 1116 986 1219 juffa
1013 1123 1104 1194 est
1125 1119 1503 1221 Agrippina
1527 1118 1665 1194 offa
1690 1122 1937 1224 Lepidi
1958 1179 1987 1213 ,

443 1217 719 1398 {insuffla
745 1219 1018 1296 condita
1043 1277 1067 1312 ‚
1111 1221 1419 1298 Romam
1469 1218 1676 1322 usque
1722 1222 1798 1297 in
1842 1221 1989 1299 smu

499 1349 538 1396 e
572 1347 741 1395 erre.

559 1421 902 1496 XXVIII.
933 1419 1085 1491 Nec
1112 1419 1195 1492 iis
1226 1420 1404 1493 stetit
1436 1422 1751 1522 Princeps
1775 1479 1799 1510 ,
1840 1421 1995 1495 vin-

439 1519 641 1594 'distae
665 1544 852 1592 atrox
869 1575 892 1606 ,
917 1515 1150 1615 suique
1170 1515 1507 1619 sanguinis
1526 1522 1988 1690 igiliominiam
2116 1519 2121 1526 ’

443 1647 687 1721 parum
705 1619 974 1692 veritus.
993 1618 1502 1716 Conjurationis
1523 1647 1556 1691 c
1612 1621 2003 1721 ’rographa‚

443 1717 685 1792 fraude
737 1743 812 1789 ac
865 1717 1088 1817 stupro
1142 1715 1463 1815 requisita
1488 1775 1511 1807 ,
1565 1718 1941 1820 divulgavit
1968 1749 1996 1794 t

441 1814 830 1918 scriptisque
875 1814 964 1888 ad
1003 1812 1313 1893 senatum
1358 1816 1569 1892 literis
1598 1874 1623 1908 ,
1681 1817 1992 1894 sororum

443 1915 716 1994 suarum
735 1916 1167 2019 impietatem
1187 1947 1261 1991 ac
1278 1916 1598 1995 libidines
1611 1946 1756 1992 non
1777 1921 1999 1997 modo

445 2017 676 2121 palam
707 2016 1036 2092 accusavit
1064 2074 1089 2107 ‚
1137 2016 1258 2092 sed
1300 2019 1510 2093 etiam
1531 2077 1555 2110 ,
1603 2046 1692 2094 ne
1727 2017 1995 2097 sceleris

446 2120 790 2192 memoria
835 2117 1090 2219 periret
1114 2174 1137 2206 ,
1197 2117 1391 2192 mifit-
1428 2145 1561 2194 tres
1608 2118 1869 2220 gladios
1912 2123 1993 2198 in
2068 2140 2073 2149 '

421 2242 697 2292 *necem
745 2216 933 2291 suam
1020 2242 1367 2317 raeparatos
1388 2273 1412 2304 ,
1463 2244 1633 2317 quos
1674 2217 1953 2299 sacravit
1964 2249 1996 2312 ,·

447 2326 522 2389 δε
555 2314 888 2415 inscripsit
914 2348 955 2378 α
1061 2316 1189 2385 arti
1217 2314 1514 2389 ultori».
1554 2316 1809 2391 Vetuit
1822 2346 1997 2419 quo-

447 2440 585 2515 que
623 2446 668 2479 oe
693 2440 782 2486 ne
811 2412 901 2486 de
931 2410 1323 2512 cujusquam
1348 2412 1623 2489 suorum
1667 2444 1995 2519 cognato-

439 2540 654 2591 srum
697 2511 1068 2587 honoribus
1095 2514 1169 2585 in
1201 2516 1541 2615 posterum
1580 2544 1891 2619 ageretur
1912 2554 1957 2591 a
1970 2550 1996 2597 .-

447 2612 764 2688 Caefareae
789 2613 1034 2687 domui
1055 2612 1229 2688 adeo
1255 2614 1544 2689 immitis
1561 2671 1584 2706 ,
1608 2643 1687 2690 ut
1704 2619 1991 2719 quidam

495 2714 880 2789 rodiderint
925 2740 1241 2817 patruum
1282 2713 1479 2793 suum
1507 2714 1881 2797 Claudium
1908 2722 1989 2801 in

415 2898 426 2904 ,
473 2866 476 2869 -
515 2817 776 2890 henum
801 2856 826 2904 5
879 2813 1046 2891 ficut
1081 2815 1349 2890 vestitus
1384 2817 1751 2897 advenerat
1774 2878 1797 2911 ,
1844 2830 1988 2923 ejus

445 2913 618 3013 jussu
672 2912 866 2988 fuiss‘e
923 2916 1408 3016 praecipitatum
1438 2974 1461 3005 ,
1522 2919 1711 3017 quod
1766 2948 1924 2996 eum
1955 2948 1987 3013 ‚·

446 3014 629 3113 quasi
689 3014 779 3087 ad
837 3013 1216 3116 regendum
1273 3042 1558 3117 puerum
1598 3074 1623 3107 ,
1693 3048 1839 3096 non
1890 3023 1981 3096 ad

447 3110 922 3218 gratulandum
959 3112 1244 3196 salutem
1261 3170 1287 3223 ,
1332 3147 1375 3194 a
1416 3116 1649 3199 senatu
1690 3116 1975 3203 miffum
